
@article{INR-009,
	url = {http://dx.doi.org/10.1561/1500000009},
	year = {2010},
	volume = {4},
	journal = {Foundations and Trends® in Information Retrieval},
	title = {Test Collection Based Evaluation of Information Retrieval Systems},
	doi = {10.1561/1500000009},
	issn = {1554-0669},
	number = {4},
	pages = {247-375},
	author = {Mark Sanderson}
}

@article{INR-XYZ,
	year = {2016},
	journal = {Foundations and Trends® in Information Retrieval},
	title = {Online Evaluation for Information Retrieval},
	author = {Katja Hofmann and Lihong Li and Filip Radlinski}
}

@article{kelly2009methods,
	title={Methods for evaluating interactive information retrieval systems with users},
	author={Kelly, Diane},
	journal={Foundations and Trends in Information Retrieval},
	volume={3},
	number={1—2},
	pages={1--224},
	year={2009},
	publisher={Now Publishers Inc.}
}


%% Recent Trends %%

@inproceedings{Kim2016,
	author = {Kim, Jin Young and Teevan, Jaime and Craswell, Nick},
	title = {Explicit In Situ User Feedback for Web Search Results},
	booktitle = {Proceedings of the 39th International ACM SIGIR Conference on Research and Development in Information Retrieval},
	series = {SIGIR '16},
	year = {2016},
	publisher = {ACM}
} 

@inproceedings{Al-Maskari2007,
	author = {Al-Maskari, Azzah and Sanderson, Mark and Clough, Paul},
	title = {The relationship between IR effectiveness measures and user satisfaction},
	booktitle = {Proceedings of the 30th annual international ACM SIGIR},
	series = {SIGIR '07},
	year = {2007},
	isbn = {978-1-59593-597-7},
	location = {Amsterdam, The Netherlands},
	pages = {773--774},
	numpages = {2},
	url = {http://doi.acm.org/10.1145/1277741.1277902},
	doi = {10.1145/1277741.1277902},
	acmid = {1277902},
	publisher = {ACM},
	address = {New York, NY, USA},
	keywords = {IR effectiveness measures, user satisfaction},
}


@inproceedings{Li2009GA,
	title = {Good Abandonment in Mobile and PC Internet Search},
	author  = {Jane Li and Scott Huffman and Akihito Tokuda},
	year  = 2009,
	URL = {http://portal.acm.org/citation.cfm?id=1571941.1571951},
	booktitle = {32nd Annual International ACM SIGIR Conference on Research and Development in Information Retrieval},
	pages = {43--50},
	address = {2 Penn Plaza, Suite 701, New York 10121-0701}
}

@inproceedings{diriye2012leaving,
	title={Leaving so soon?: understanding and predicting web search abandonment rationales},
	author={Diriye, Abdigani and White, Ryen and Buscher, Georg and Dumais, Susan},
	booktitle={Proceedings of the 21st ACM international conference on Information and knowledge management},
	pages={1025--1034},
	year={2012},
	organization={ACM}
}



%% IR Evaluation

@article{borlund2003,
	address = {New York, NY, USA},
	author = {Borlund, Pia},
	day = {7},
	issn = {1532-2882},
	journal = {Journal of the American Society for Information Science and Technology},
	month = {May},
	number = {10},
	pages = {913--925},
	posted-at = {2010-11-09 14:48:14},
	priority = {2},
	publisher = {John Wiley \& Sons, Inc.},
	title = {{The concept of relevance in IR}},
	volume = {54},
	year = {2003}
}


@Article{cleverdon67,
	author =	 {C. W. Cleverdon},
	title =	 {The Cranfield tests on index language devices},
	journal =	 {Aslib},
	year =	 1967,
	volume =	 19,
	pages =	 {173--192}
}

@article{rel-hist-jasis-97,
	author    = {Stefano Mizzaro},
	title     = {Relevance: The Whole History},
	journal   = {Journal of the American Society for Information Science},
	volume    = {48},
	number    = {9},
	year      = {1997},
	pages     = {810-832},
	bibsource = {DBLP, http://dblp.uni-trier.de}
}


@Book{voor:trec05,
	editor =	 "Ellen M. Voorhees and Donna K. Harman",
	title =	 {{TREC}: Experimentation and Evaluation in Information Retrieval},
	booktitle =	 {TREC: Experimentation and Evaluation in
	Information Retrieval},
	publisher =	 "MIT Press",
	year =	 2005
}

@InProceedings{scholer13,
	author = "Falk Scholer and Alistair Moffat and Paul Thomas",
	title = "Choices in batch information retrieval evaluation",
	booktitle = "Proceedings of the Australasian Document Computing Symposium",
	year = 2013
}

@techreport{carterette2014overview,
	title={Overview of the TREC 2014 session track},
	author={Carterette, Ben and Kanoulas, Evangelos and Hall, Mark and Clough, Paul},
	year={2014},
	institution={DTIC Document}
}

@article{saracevic16relevance,
	author = {Tefko Saracevic},
	title = {The Notion of Relevance in Information Science: Everybody knows what relevance is. But, what is it really?},
	journaltitle = {Synthesis Lectures on Information Concepts, Retrieval, and Services},
	month = sep,
	year = 2016,
	volume = {8},
	number = {3},
	pages = {i--109},
	doi = {10.2200/S00723ED1V01Y201607ICR050}
}

@inproceedings{bailey15user,
	author = {Peter Bailey and Alistair Moffat and Falk Scholer and Paul Thomas},
	title = {User Variability and {IR} System Evaluation},
	booktitle = {Proceedings of the 38th International ACM SIGIR Conference on Research and Development in Information Retrieval},
	year = 2015,
	publisher = {ACM},
	address = {New York, NY, USA},
	pages = {625--634},
	doi = {10.1145/2766462.2767728}
}

@report{TRECimpact,
	author = {Brent R Rowe and Dallas W Wood and Albert N Link and Diglio A Simoni},
	title = {Economic Impact Assessment of {NIST's} {Text} {REtrieval} {Conference} {(TREC)} Program: Final report},
	institution = {RTI International},
	month = jul,
	year = 2010,
	url = {trec.nist.gov/pubs/2010.economic.impact.pdf}
}


%% Counterfactual / Log Study %%

@inproceedings{li2010contextual,
	title={A contextual-bandit approach to personalized news article recommendation},
	author={Li, Lihong and Chu, Wei and Langford, John and Schapire, Robert E},
	booktitle={Proceedings of the 19th international conference on World wide web},
	pages={661--670},
	year={2010},
	organization={ACM}
}

@book{
	chuklin2015click,
	Author = {Chuklin, Aleksandr and Markov, Ilya and de Rijke, Maarten},
	Publisher = {Morgan \& Claypool},
	Title = {Click Models for Web Search},
	Year = {2015},
	Isbn = {9781627056489},
	Doi = {10.2200/S00654ED1V01Y201507ICR043}
}

@inproceedings{Li:2015,
	author = {Li, Lihong and Kim, Jin Young and Zitouni, Imed},
	title = {Toward Predicting the Outcome of an A/B Experiment for Search Relevance},
	booktitle = {Proceedings of the Eighth ACM International Conference on Web Search and Data Mining},
	series = {WSDM '15},
	year = {2015},
	isbn = {978-1-4503-3317-7},
	location = {Shanghai, China},
	pages = {37--46},
	numpages = {10},
	url = {http://doi.acm.org/10.1145/2684822.2685311},
	doi = {10.1145/2684822.2685311},
	acmid = {2685311},
	publisher = {ACM},
	address = {New York, NY, USA},
	keywords = {contextual bandits, evaluation, experimentation, information retrieval, web search},
} 

%% User Study %%

@inproceedings{Bron:2013,
	author = {Bron, Marc and van Gorp, Jasmijn and Nack, Frank and Baltussen, Lotte Belice and de Rijke, Maarten},
	title = {Aggregated Search Interface Preferences in Multi-session Search Tasks},
	booktitle = {Proceedings of the 36th International ACM SIGIR Conference on Research and Development in Information Retrieval},
	series = {SIGIR '13},
	year = {2013},
	isbn = {978-1-4503-2034-4},
	location = {Dublin, Ireland},
	pages = {123--132},
	numpages = {10},
	url = {http://doi.acm.org/10.1145/2484028.2484050},
	doi = {10.1145/2484028.2484050},
	acmid = {2484050},
	publisher = {ACM},
	address = {New York, NY, USA},
	keywords = {aggregated search, multi-session search tasks, search behavior, search interface preferences},
} 

@inproceedings{Liu:2014,
	author = {Liu, Chang and Liu, Jingjing and Belkin, Nicholas J.},
	title = {Predicting Search Task Difficulty at Different Search Stages},
	booktitle = {Proceedings of the 23rd ACM International Conference on Conference on Information and Knowledge Management},
	series = {CIKM '14},
	year = {2014},
	isbn = {978-1-4503-2598-1},
	location = {Shanghai, China},
	pages = {569--578},
	numpages = {10},
	url = {http://doi.acm.org/10.1145/2661829.2661939},
	doi = {10.1145/2661829.2661939},
	acmid = {2661939},
	publisher = {ACM},
	address = {New York, NY, USA},
	keywords = {personalization, search task difficulty, search task difficulty prediction, user searching behavior},
}

@inproceedings{Shah:2011,
	author = {Shah, Chirag and Gonz\'{a}lez-Ib\'{a}\~{n}ez, Roberto},
	title = {Evaluating the Synergic Effect of Collaboration in Information Seeking},
	booktitle = {Proceedings of the 34th International ACM SIGIR Conference on Research and Development in Information Retrieval},
	series = {SIGIR '11},
	year = {2011},
	isbn = {978-1-4503-0757-4},
	location = {Beijing, China},
	pages = {913--922},
	numpages = {10},
	url = {http://doi.acm.org/10.1145/2009916.2010038},
	doi = {10.1145/2009916.2010038},
	acmid = {2010038},
	publisher = {ACM},
	address = {New York, NY, USA},
	keywords = {collaborative information seeking, evaluation, synergic effect},
} 



@inproceedings{Bron:2013,
	author = {Bron, Marc and van Gorp, Jasmijn and Nack, Frank and Baltussen, Lotte Belice and de Rijke, Maarten},
	title = {Aggregated Search Interface Preferences in Multi-session Search Tasks},
	booktitle = {Proceedings of the 36th International ACM SIGIR Conference on Research and Development in Information Retrieval},
	series = {SIGIR '13},
	year = {2013},
	isbn = {978-1-4503-2034-4},
	location = {Dublin, Ireland},
	pages = {123--132},
	numpages = {10},
	url = {http://doi.acm.org/10.1145/2484028.2484050},
	doi = {10.1145/2484028.2484050},
	acmid = {2484050},
	publisher = {ACM},
	address = {New York, NY, USA},
	keywords = {aggregated search, multi-session search tasks, search behavior, search interface preferences},
} 


