@inproceedings{Bron:2013,
 author = {Bron, Marc and van Gorp, Jasmijn and Nack, Frank and Baltussen, Lotte Belice and de Rijke, Maarten},
 title = {Aggregated Search Interface Preferences in Multi-session Search Tasks},
 booktitle = {Proceedings of the 36th International ACM SIGIR Conference on Research and Development in Information Retrieval},
 series = {SIGIR '13},
 year = {2013},
 isbn = {978-1-4503-2034-4},
 location = {Dublin, Ireland},
 pages = {123--132},
 numpages = {10},
 url = {http://doi.acm.org/10.1145/2484028.2484050},
 doi = {10.1145/2484028.2484050},
 acmid = {2484050},
 publisher = {ACM},
 address = {New York, NY, USA},
 keywords = {aggregated search, multi-session search tasks, search behavior, search interface preferences},
} 

@inproceedings{Liu:2014,
	author = {Liu, Chang and Liu, Jingjing and Belkin, Nicholas J.},
	title = {Predicting Search Task Difficulty at Different Search Stages},
	booktitle = {Proceedings of the 23rd ACM International Conference on Conference on Information and Knowledge Management},
	series = {CIKM '14},
	year = {2014},
	isbn = {978-1-4503-2598-1},
	location = {Shanghai, China},
	pages = {569--578},
	numpages = {10},
	url = {http://doi.acm.org/10.1145/2661829.2661939},
	doi = {10.1145/2661829.2661939},
	acmid = {2661939},
	publisher = {ACM},
	address = {New York, NY, USA},
	keywords = {personalization, search task difficulty, search task difficulty prediction, user searching behavior},
}

 @inproceedings{Shah:2011,
author = {Shah, Chirag and Gonz\'{a}lez-Ib\'{a}\~{n}ez, Roberto},
title = {Evaluating the Synergic Effect of Collaboration in Information Seeking},
booktitle = {Proceedings of the 34th International ACM SIGIR Conference on Research and Development in Information Retrieval},
series = {SIGIR '11},
year = {2011},
isbn = {978-1-4503-0757-4},
location = {Beijing, China},
pages = {913--922},
numpages = {10},
url = {http://doi.acm.org/10.1145/2009916.2010038},
doi = {10.1145/2009916.2010038},
acmid = {2010038},
publisher = {ACM},
address = {New York, NY, USA},
keywords = {collaborative information seeking, evaluation, synergic effect},
} 


@inproceedings{YilmazSCR10,
  author    = {Emine Yilmaz and
               Milad Shokouhi and
               Nick Craswell and
               Stephen Robertson},
  title     = {Expected browsing utility for web search evaluation},
  booktitle = {Proceedings of the 19th {ACM} Conference on Information and Knowledge
               Management, {CIKM} 2010, Toronto, Ontario, Canada, October 26-30,
               2010},
  pages     = {1561--1564},
  year      = {2010},
  url       = {http://doi.acm.org/10.1145/1871437.1871672},
  doi       = {10.1145/1871437.1871672},
  timestamp = {Mon, 03 Jan 2011 15:20:57 +0100},
  biburl    = {http://dblp.uni-trier.de/rec/bib/conf/cikm/YilmazSCR10},
  bibsource = {dblp computer science bibliography, http://dblp.org}
}


@inproceedings{CarteretteKY11,
  author    = {Ben Carterette and
               Evangelos Kanoulas and
               Emine Yilmaz},
  title     = {Simulating simple user behavior for system effectiveness evaluation},
  booktitle = {Proceedings of the 20th {ACM} Conference on Information and Knowledge
               Management, {CIKM} 2011, Glasgow, United Kingdom, October 24-28, 2011},
  pages     = {611--620},
  year      = {2011},
  url       = {http://doi.acm.org/10.1145/2063576.2063668},
  doi       = {10.1145/2063576.2063668},
  timestamp = {Fri, 11 Nov 2011 19:52:08 +0100},
  biburl    = {http://dblp.uni-trier.de/rec/bib/conf/cikm/CarteretteKY11},
  bibsource = {dblp computer science bibliography, http://dblp.org}
}


@inproceedings{VermaYC16,
  author    = {Manisha Verma and
               Emine Yilmaz and
               Nick Craswell},
  title     = {On Obtaining Effort Based Judgements for Information Retrieval},
  booktitle = {Proceedings of the Ninth {ACM} International Conference on Web Search
               and Data Mining, San Francisco, CA, USA, February 22-25, 2016},
  pages     = {277--286},
  year      = {2016},
  url       = {http://doi.acm.org/10.1145/2835776.2835840},
  doi       = {10.1145/2835776.2835840},
  timestamp = {Mon, 08 Feb 2016 15:38:27 +0100},
  biburl    = {http://dblp.uni-trier.de/rec/bib/conf/wsdm/VermaYC16},
  bibsource = {dblp computer science bibliography, http://dblp.org}
}

@inproceedings{VermaY16,
  author    = {Manisha Verma and
               Emine Yilmaz},
  title     = {Characterizing Relevance on Mobile and Desktop},
  booktitle = {Advances in Information Retrieval - 38th European Conference on {IR}
               Research, {ECIR} 2016, Padua, Italy, March 20-23, 2016. Proceedings},
  pages     = {212--223},
  year      = {2016},
  url       = {http://dx.doi.org/10.1007/978-3-319-30671-1_16},
  doi       = {10.1007/978-3-319-30671-1_16},
  timestamp = {Fri, 11 Mar 2016 14:07:43 +0100},
  biburl    = {http://dblp.uni-trier.de/rec/bib/conf/ecir/VermaY16},
  bibsource = {dblp computer science bibliography, http://dblp.org}
}


@inproceedings{KanoulasCCS11,
  author    = {Evangelos Kanoulas and
               Ben Carterette and
               Paul D. Clough and
               Mark Sanderson},
  title     = {Evaluating multi-query sessions},
  booktitle = {Proceeding of the 34th International {ACM} {SIGIR} Conference on Research
               and Development in Information Retrieval, {SIGIR} 2011, Beijing, China,
               July 25-29, 2011},
  pages     = {1053--1062},
  year      = {2011},
  url       = {http://doi.acm.org/10.1145/2009916.2010056},
  doi       = {10.1145/2009916.2010056},
  timestamp = {Wed, 10 Sep 2014 15:59:51 +0200},
  biburl    = {http://dblp.uni-trier.de/rec/bib/conf/sigir/KanoulasCCS11},
  bibsource = {dblp computer science bibliography, http://dblp.org}
}

@inproceedings{CarteretteKHC14,
  author    = {Ben Carterette and
               Evangelos Kanoulas and
               Mark M. Hall and
               Paul D. Clough},
  title     = {Overview of the {TREC} 2014 Session Track},
  booktitle = {Proceedings of The Twenty-Third Text REtrieval Conference, {TREC}
               2014, Gaithersburg, Maryland, USA, November 19-21, 2014},
  year      = {2014},
  url       = {http://trec.nist.gov/pubs/trec23/papers/overview-session.pdf},
  timestamp = {Thu, 09 Apr 2015 17:35:26 +0200},
  biburl    = {http://dblp.uni-trier.de/rec/bib/conf/trec/CarteretteKHC14},
  bibsource = {dblp computer science bibliography, http://dblp.org}
}


@inproceedings{Bron:2013,
	author = {Bron, Marc and van Gorp, Jasmijn and Nack, Frank and Baltussen, Lotte Belice and de Rijke, Maarten},
	title = {Aggregated Search Interface Preferences in Multi-session Search Tasks},
	booktitle = {Proceedings of the 36th International ACM SIGIR Conference on Research and Development in Information Retrieval},
	series = {SIGIR '13},
	year = {2013},
	isbn = {978-1-4503-2034-4},
	location = {Dublin, Ireland},
	pages = {123--132},
	numpages = {10},
	url = {http://doi.acm.org/10.1145/2484028.2484050},
	doi = {10.1145/2484028.2484050},
	acmid = {2484050},
	publisher = {ACM},
	address = {New York, NY, USA},
	keywords = {aggregated search, multi-session search tasks, search behavior, search interface preferences},
} 


