%%% Search Task Collection %%%

@inproceedings{Baeza-Yates:2015,
	author = {Baeza-Yates, Ricardo},
	title = {Incremental Sampling of Query Logs},
	booktitle = {Proceedings of the 38th International ACM SIGIR Conference on Research and Development in Information Retrieval},
	series = {SIGIR '15},
	year = {2015},
	isbn = {978-1-4503-3621-5},
	location = {Santiago, Chile},
	pages = {1093--1096},
	numpages = {4},
	url = {http://doi.acm.org/10.1145/2766462.2776780},
	doi = {10.1145/2766462.2776780},
	acmid = {2776780},
	publisher = {ACM},
	address = {New York, NY, USA},
	keywords = {editorial judgments, query logs, sampling},
} 

@article{Borlund:2003,
	author = {Borlund, Pia},
	journal = {Information Research},
	keywords = {evaluation, information-exploration},
	number = {3},
	posted-at = {2008-09-18 19:47:14},
	priority = {2},
	title = {{The IIR evaluation model: a framework for evaluation of interactive information retrieval systems}},
	url = {http://informationr.net/ir/8-3/paper152.html},
	volume = {8},
	year = {2003}
}

@inproceedings{Kelly:2015,
	author = {Kelly, Diane and Arguello, Jaime and Edwards, Ashlee and Wu, Wan-ching},
	title = {Development and Evaluation of Search Tasks for IIR Experiments Using a Cognitive Complexity Framework},
	booktitle = {Proceedings of the 2015 International Conference on The Theory of Information Retrieval},
	series = {ICTIR '15},
	year = {2015},
	isbn = {978-1-4503-3833-2},
	location = {Northampton, Massachusetts, USA},
	pages = {101--110},
	numpages = {10},
	url = {http://doi.acm.org/10.1145/2808194.2809465},
	doi = {10.1145/2808194.2809465},
	acmid = {2809465},
	publisher = {ACM},
	address = {New York, NY, USA},
	keywords = {interactive ir, search behavior, search tasks, user studies},
} 

@inproceedings{Edwards:2016,
	author = {Edwards, Ashlee and Kelly, Diane},
	title = {How Does Interest in a Work Task Impact Search Behavior and Engagement?},
	booktitle = {Proceedings of the 2016 ACM on Conference on Human Information Interaction and Retrieval},
	series = {CHIIR '16},
	year = {2016},
	isbn = {978-1-4503-3751-9},
	location = {Carrboro, North Carolina, USA},
	pages = {249--252},
	numpages = {4},
	url = {http://doi.acm.org/10.1145/2854946.2855000},
	doi = {10.1145/2854946.2855000},
	acmid = {2855000},
	publisher = {ACM},
	address = {New York, NY, USA},
	keywords = {assigned search tasks, engagement, iir experiments, interest},
} 


@inproceedings{Zaragoza:2010,
	author = {Zaragoza, Hugo and Cambazoglu, B. Barla and Baeza-Yates, Ricardo},
	title = {Web Search Solved?: All Result Rankings the Same?},
	booktitle = {Proceedings of the 19th ACM International Conference on Information and Knowledge Management},
	series = {CIKM '10},
	year = {2010},
	isbn = {978-1-4503-0099-5},
	location = {Toronto, ON, Canada},
	pages = {529--538},
	numpages = {10},
	url = {http://doi.acm.org/10.1145/1871437.1871507},
	doi = {10.1145/1871437.1871507},
	acmid = {1871507},
	publisher = {ACM},
	address = {New York, NY, USA},
	keywords = {editorial judgments, relevance, web search evaluation},
} 

@inproceedings{Bailey:2015:UVI,
	author = {Bailey, Peter and Moffat, Alistair and Scholer, Falk and Thomas, Paul},
	title = {User Variability and IR System Evaluation},
	booktitle = {Proceedings of the 38th International ACM SIGIR Conference on Research and Development in Information Retrieval},
	series = {SIGIR '15},
	year = {2015},
	isbn = {978-1-4503-3621-5},
	location = {Santiago, Chile},
	pages = {625--634},
	numpages = {10},
	url = {http://doi.acm.org/10.1145/2766462.2767728},
	doi = {10.1145/2766462.2767728},
	acmid = {2767728},
	publisher = {ACM},
	address = {New York, NY, USA},
	keywords = {relevance measures, test collections, user behavior},
} 


@inproceedings{Yilmaz:2014:EID,
	author = {Yilmaz, Emine and Kanoulas, Evangelos and Craswell, Nick},
	title = {Effect of Intent Descriptions on Retrieval Evaluation},
	booktitle = {Proceedings of the 23rd ACM International Conference on Conference on Information and Knowledge Management},
	series = {CIKM '14},
	year = {2014},
	isbn = {978-1-4503-2598-1},
	location = {Shanghai, China},
	pages = {599--608},
	numpages = {10},
	url = {http://doi.acm.org/10.1145/2661829.2661950},
	doi = {10.1145/2661829.2661950},
	acmid = {2661950},
	publisher = {ACM},
	address = {New York, NY, USA},
	keywords = {evaluation, mixed-effects model, query intents, test collections},
} 
%%% Judge Selection %%%

@inproceedings{Chouldechova:2013,
	author = {Chouldechova, Alexandra and Mease, David},
	title = {Differences in Search Engine Evaluations Between Query Owners and Non-owners},
	booktitle = {Proceedings of the Sixth ACM International Conference on Web Search and Data Mining},
	series = {WSDM '13},
	year = {2013},
	isbn = {978-1-4503-1869-3},
	location = {Rome, Italy},
	pages = {103--112},
	numpages = {10},
	url = {http://doi.acm.org/10.1145/2433396.2433411},
	doi = {10.1145/2433396.2433411},
	acmid = {2433411},
	publisher = {ACM},
	address = {New York, NY, USA},
	keywords = {evaluation, experiment design, search engines, user queries},
} 

@inproceedings{Moraveji:2011,
	author = {Moraveji, Neema and Russell, Daniel and Bien, Jacob and Mease, David},
	title = {Measuring Improvement in User Search Performance Resulting from Optimal Search Tips},
	booktitle = {Proceedings of the 34th International ACM SIGIR Conference on Research and Development in Information Retrieval},
	series = {SIGIR '11},
	year = {2011},
	isbn = {978-1-4503-0757-4},
	location = {Beijing, China},
	pages = {355--364},
	numpages = {10},
	url = {http://doi.acm.org/10.1145/2009916.2009966},
	doi = {10.1145/2009916.2009966},
	acmid = {2009966},
	publisher = {ACM},
	address = {New York, NY, USA},
	keywords = {assistance, effectiveness measures, efficiency, experimental design, expertise, query reformulation, search interface, suggestions, tactics, tips, user studies},
} 

@inproceedings{Kazai:2013,
	author = {Kazai, Gabriella and Yilmaz, Emine and Craswell, Nick and Tahaghoghi, S.M.M.},
	title = {User Intent and Assessor Disagreement in Web Search Evaluation},
	booktitle = {Proceedings of the 22Nd ACM International Conference on Information \& Knowledge Management},
	series = {CIKM '13},
	year = {2013},
	isbn = {978-1-4503-2263-8},
	location = {San Francisco, California, USA},
	pages = {699--708},
	numpages = {10},
	url = {http://doi.acm.org/10.1145/2505515.2505716},
	doi = {10.1145/2505515.2505716},
	acmid = {2505716},
	publisher = {ACM},
	address = {New York, NY, USA},
	keywords = {click evidence, crowd vs editorial judges, single vs pairwise judging, user intent},
} 


%% Judging Unit %%%

@inproceedings{Golbus:2014:CDR,
	author = {Golbus, Peter B. and Zitouni, Imed and Kim, Jin Young and Hassan, Ahmed and Diaz, Fernando},
	title = {Contextual and Dimensional Relevance Judgments for Reusable SERP-level Evaluation},
	booktitle = {Proceedings of the 23rd International Conference on World Wide Web},
	series = {WWW '14},
	year = {2014},
	isbn = {978-1-4503-2744-2},
	location = {Seoul, Korea},
	pages = {131--142},
	numpages = {12},
	url = {http://doi.acm.org/10.1145/2566486.2568015},
	doi = {10.1145/2566486.2568015},
	acmid = {2568015},
	publisher = {ACM},
	address = {New York, NY, USA},
	keywords = {contextual relevance, evaluation, reusability},
} 


@inproceedings{Arguello:2011,
	author = {Arguello, Jaime and Diaz, Fernando and Callan, Jamie and Carterette, Ben},
	title = {A Methodology for Evaluating Aggregated Search Results},
	booktitle = {Proceedings of the 33rd European Conference on Advances in Information Retrieval},
	series = {ECIR'11},
	year = {2011},
	isbn = {978-3-642-20160-8},
	location = {Dublin, Ireland},
	pages = {141--152},
	numpages = {12},
	url = {http://dl.acm.org/citation.cfm?id=1996889.1996909},
	acmid = {1996909},
	publisher = {Springer-Verlag},
	address = {Berlin, Heidelberg},
} 


@inproceedings{Xu:2009,
	author = {Xu, Ya and Mease, David},
	title = {Evaluating Web Search Using Task Completion Time},
	booktitle = {Proceedings of the 32Nd International ACM SIGIR Conference on Research and Development in Information Retrieval},
	series = {SIGIR '09},
	year = {2009},
	isbn = {978-1-60558-483-6},
	location = {Boston, MA, USA},
	pages = {676--677},
	numpages = {2},
	url = {http://doi.acm.org/10.1145/1571941.1572073},
	doi = {10.1145/1571941.1572073},
	acmid = {1572073},
	publisher = {ACM},
	address = {New York, NY, USA},
	keywords = {evaluation metrics, experiment design, interactive ir and visualization, question answering},
} 


@inproceedings{Bailey2010,
 author = {Bailey, Peter and Craswell, Nick and White, Ryen W. and Chen, Liwei and Satyanarayana, Ashwin and Tahaghoghi, S. M.M.},
 title = {Evaluating search systems using result page context},
 booktitle = {Proceedings of the third symposium on Information interaction in context},
 series = {IIiX '10},
 year = {2010},
 isbn = {978-1-4503-0247-0},
 location = {New Brunswick, New Jersey, USA},
 pages = {105--114},
 numpages = {10},
 url = {http://doi.acm.org/10.1145/1840784.1840801},
 doi = {10.1145/1840784.1840801},
 acmid = {1840801},
 publisher = {ACM},
 address = {New York, NY, USA},
 keywords = {evaluation, measurement, web search relevance},
}

@inproceedings{CarteretteBCD08,
  author    = {Ben Carterette and
               Paul N. Bennett and
               David Maxwell Chickering and
               Susan T. Dumais},
  title     = {Here or There},
  booktitle = {ECIR},
  year      = {2008},
  pages     = {16-27},
  crossref  = {DBLP:conf/ecir/2008},
  bibsource = {DBLP, http://dblp.uni-trier.de}
}

@inproceedings{Sanderson2010,
 author = {Sanderson, Mark and Paramita, Monica Lestari and Clough, Paul and Kanoulas, Evangelos},
 title = {Do user preferences and evaluation measures line up?},
 booktitle = {Proceedings of the 33rd international ACM SIGIR},
 series = {SIGIR '10},
 year = {2010},
 isbn = {978-1-4503-0153-4},
 location = {Geneva, Switzerland},
 pages = {555--562},
 numpages = {8},
 doi = {10.1145/1835449.1835542},
 acmid = {1835542},
 publisher = {ACM},
 address = {New York, NY, USA},
 keywords = {evaluation measures, mechanical turk, user experiment},
}


@inproceedings{Thomas2006,
 author = {Thomas, Paul and Hawking, David},
 title = {Evaluation by comparing result sets in context},
 booktitle = {Proceedings of the 15th ACM CIKM},
 series = {CIKM '06},
 year = {2006},
 isbn = {1-59593-433-2},
 location = {Arlington, Virginia, USA},
 pages = {94--101},
 numpages = {8},
 doi = {10.1145/1183614.1183632},
 acmid = {1183632},
 publisher = {ACM},
 address = {New York, NY, USA},
 keywords = {embedded comparisons, evaluation},
}

@inproceedings{Chandar2013,
	author = {Chandar, Praveen and Carterette, Ben},
	title = {Preference Based Evaluation Measures for Novelty and Diversity},
	booktitle = {Proceedings of the 36th International ACM SIGIR Conference on Research and Development in Information Retrieval},
	series = {SIGIR '13},
	year = {2013},
	isbn = {978-1-4503-2034-4},
	location = {Dublin, Ireland},
	pages = {413--422},
	numpages = {10},
	url = {http://doi.acm.org/10.1145/2484028.2484094},
	doi = {10.1145/2484028.2484094},
	acmid = {2484094},
	publisher = {ACM},
	address = {New York, NY, USA},
	keywords = {evaluation, novelty and diversity},
} 

@inproceedings{Kim:2013,
	author = {Kim, Jinyoung and Kazai, Gabriella and Zitouni, Imed},
	title = {Relevance Dimensions in Preference-based IR Evaluation},
	booktitle = {Proceedings of the 36th International ACM SIGIR Conference on Research and Development in Information Retrieval},
	series = {SIGIR '13},
	year = {2013},
	isbn = {978-1-4503-2034-4},
	location = {Dublin, Ireland},
	pages = {913--916},
	numpages = {4},
	url = {http://doi.acm.org/10.1145/2484028.2484168},
	doi = {10.1145/2484028.2484168},
	acmid = {2484168},
	publisher = {ACM},
	address = {New York, NY, USA},
	keywords = {diversity, relevance criteria, user preferences},
} 

@inproceedings{HassanAwadallah:2014,
	author = {Hassan Awadallah, Ahmed and Zitouni, Imed},
	title = {Machine-Assisted Search Preference Evaluation},
	booktitle = {Proceedings of the 23rd ACM International Conference on Conference on Information and Knowledge Management},
	series = {CIKM '14},
	year = {2014},
	isbn = {978-1-4503-2598-1},
	location = {Shanghai, China},
	pages = {51--60},
	numpages = {10},
	url = {http://doi.acm.org/10.1145/2661829.2661913},
	doi = {10.1145/2661829.2661913},
	acmid = {2661913},
	publisher = {ACM},
	address = {New York, NY, USA},
	keywords = {machine assisted evaluation, preference judgments, relevance prediction, user preferences},
} 

@inproceedings{KanoulasCCS11,
	author    = {Evangelos Kanoulas and
	Ben Carterette and
	Paul D. Clough and
	Mark Sanderson},
	title     = {Evaluating multi-query sessions},
	booktitle = {Proceeding of the 34th International {ACM} {SIGIR} Conference on Research
	and Development in Information Retrieval, {SIGIR} 2011, Beijing, China,
	July 25-29, 2011},
	pages     = {1053--1062},
	year      = {2011},
	url       = {http://doi.acm.org/10.1145/2009916.2010056},
	doi       = {10.1145/2009916.2010056},
	timestamp = {Wed, 10 Sep 2014 15:59:51 +0200},
	biburl    = {http://dblp.uni-trier.de/rec/bib/conf/sigir/KanoulasCCS11},
	bibsource = {dblp computer science bibliography, http://dblp.org}
}

@inproceedings{CarteretteKHC14,
	author    = {Ben Carterette and
	Evangelos Kanoulas and
	Mark M. Hall and
	Paul D. Clough},
	title     = {Overview of the {TREC} 2014 Session Track},
	booktitle = {Proceedings of The Twenty-Third Text REtrieval Conference, {TREC}
	2014, Gaithersburg, Maryland, USA, November 19-21, 2014},
	year      = {2014},
	url       = {http://trec.nist.gov/pubs/trec23/papers/overview-session.pdf},
	timestamp = {Thu, 09 Apr 2015 17:35:26 +0200},
	biburl    = {http://dblp.uni-trier.de/rec/bib/conf/trec/CarteretteKHC14},
	bibsource = {dblp computer science bibliography, http://dblp.org}
}


@inproceedings{Chandar:2012,
	author = {Chandar, Praveen and Carterette, Ben},
	title = {Using Preference Judgments for Novel Document Retrieval},
	booktitle = {Proceedings of the 35th International ACM SIGIR Conference on Research and Development in Information Retrieval},
	series = {SIGIR '12},
	year = {2012},
	isbn = {978-1-4503-1472-5},
	location = {Portland, Oregon, USA},
	pages = {861--870},
	numpages = {10},
	url = {http://doi.acm.org/10.1145/2348283.2348398},
	doi = {10.1145/2348283.2348398},
	acmid = {2348398},
	publisher = {ACM},
	address = {New York, NY, USA},
	keywords = {diversity, preference judgments, user study},
} 


%%% Judging Interface Design %%%

@inproceedings{Shokouhi:2015,
	author = {Shokouhi, Milad and White, Ryen and Yilmaz, Emine},
	title = {Anchoring and Adjustment in Relevance Estimation},
	booktitle = {Proceedings of the 38th International ACM SIGIR Conference on Research and Development in Information Retrieval},
	series = {SIGIR '15},
	year = {2015},
	isbn = {978-1-4503-3621-5},
	location = {Santiago, Chile},
	pages = {963--966},
	numpages = {4},
	url = {http://doi.acm.org/10.1145/2766462.2767841},
	doi = {10.1145/2766462.2767841},
	acmid = {2767841},
	publisher = {ACM},
	address = {New York, NY, USA},
	keywords = {anchoring, implicit relevance labels, offline evaluation, priming},
} 

@inproceedings{Turpin2015,
	author = {Turpin, Andrew and Scholer, Falk and Mizzaro, Stefano and Maddalena, Eddy},
	title = {The Benefits of Magnitude Estimation Relevance Assessments for Information Retrieval Evaluation},
	booktitle = {Proceedings of the 38th International ACM SIGIR Conference on Research and Development in Information Retrieval},
	series = {SIGIR '15},
	year = {2015},
	isbn = {978-1-4503-3621-5},
	location = {Santiago, Chile},
	pages = {565--574},
	numpages = {10},
	url = {http://doi.acm.org/10.1145/2766462.2767760},
	doi = {10.1145/2766462.2767760},
	acmid = {2767760},
	publisher = {ACM},
	address = {New York, NY, USA},
	keywords = {evaluation, magnitude estimation, relevance, relevance assessments},
}

@inproceedings{Scholer:2013,
	author = {Scholer, Falk and Kelly, Diane and Wu, Wan-Ching and Lee, Hanseul S. and Webber, William},
	title = {The Effect of Threshold Priming and Need for Cognition on Relevance Calibration and Assessment},
	booktitle = {Proceedings of the 36th International ACM SIGIR Conference on Research and Development in Information Retrieval},
	series = {SIGIR '13},
	year = {2013},
	isbn = {978-1-4503-2034-4},
	location = {Dublin, Ireland},
	pages = {623--632},
	numpages = {10},
	url = {http://doi.acm.org/10.1145/2484028.2484090},
	doi = {10.1145/2484028.2484090},
	acmid = {2484090},
	publisher = {ACM},
	address = {New York, NY, USA},
	keywords = {assessors, calibration, evaluation, need for cognition, order effects, relevance assessments, relevance behavior, threshold priming},
} 

@inproceedings{Villa:2013,
	author = {Villa, Robert and Halvey, Martin},
	title = {Is Relevance Hard Work?: Evaluating the Effort of Making Relevant Assessments},
	booktitle = {Proceedings of the 36th International ACM SIGIR Conference on Research and Development in Information Retrieval},
	series = {SIGIR '13},
	year = {2013},
	isbn = {978-1-4503-2034-4},
	location = {Dublin, Ireland},
	pages = {765--768},
	numpages = {4},
	url = {http://doi.acm.org/10.1145/2484028.2484150},
	doi = {10.1145/2484028.2484150},
	acmid = {2484150},
	publisher = {ACM},
	address = {New York, NY, USA},
	keywords = {relevance, user models, user studies},
} 

%%%%% Beyond Relevance & Web %%%%%

@inproceedings{Mao:2016,
	author = {Mao, Jiaxin and Liu, Yiqun and Zhou, Ke and Nie, Jian-Yun and Song, Jingtao and Zhang, Min and Ma, Shaoping and Sun, Jiashen and Luo, Hengliang},
	title = {When Does Relevance Mean Usefulness and User Satisfaction in Web Search?},
	booktitle = {Proceedings of the 39th International ACM SIGIR Conference on Research and Development in Information Retrieval},
	series = {SIGIR '16},
	year = {2016},
	isbn = {978-1-4503-4069-4},
	location = {Pisa, Italy},
	pages = {463--472},
	numpages = {10},
	url = {http://doi.acm.org/10.1145/2911451.2911507},
	doi = {10.1145/2911451.2911507},
	acmid = {2911507},
	publisher = {ACM},
	address = {New York, NY, USA},
	keywords = {evaluation, relevance, usefulness, user satisfaction},
} 

@inproceedings{VermaYC16,
	author    = {Manisha Verma and
	Emine Yilmaz and
	Nick Craswell},
	title     = {On Obtaining Effort Based Judgments for Information Retrieval},
	booktitle = {Proceedings of the Ninth {ACM} International Conference on Web Search
	and Data Mining, San Francisco, CA, USA, February 22-25, 2016},
	pages     = {277--286},
	year      = {2016},
	url       = {http://doi.acm.org/10.1145/2835776.2835840},
	doi       = {10.1145/2835776.2835840},
	timestamp = {Mon, 08 Feb 2016 15:38:27 +0100},
	biburl    = {http://dblp.uni-trier.de/rec/bib/conf/wsdm/VermaYC16},
	bibsource = {dblp computer science bibliography, http://dblp.org}
}

@inproceedings{VermaY16,
	author    = {Manisha Verma and
	Emine Yilmaz},
	title     = {Characterizing Relevance on Mobile and Desktop},
	booktitle = {Advances in Information Retrieval - 38th European Conference on {IR}
	Research, {ECIR} 2016, Padua, Italy, March 20-23, 2016. Proceedings},
	pages     = {212--223},
	year      = {2016},
	url       = {http://dx.doi.org/10.1007/978-3-319-30671-1_16},
	doi       = {10.1007/978-3-319-30671-1_16},
	timestamp = {Fri, 11 Mar 2016 14:07:43 +0100},
	biburl    = {http://dblp.uni-trier.de/rec/bib/conf/ecir/VermaY16},
	bibsource = {dblp computer science bibliography, http://dblp.org}
}



@inproceedings{Yilmaz:2014,
	author = {Yilmaz, Emine and Verma, Manisha and Craswell, Nick and Radlinski, Filip and Bailey, Peter},
	title = {Relevance and Effort: An Analysis of Document Utility},
	booktitle = {Proceedings of the 23rd ACM International Conference on Conference on Information and Knowledge Management},
	series = {CIKM '14},
	year = {2014},
	isbn = {978-1-4503-2598-1},
	location = {Shanghai, China},
	pages = {91--100},
	numpages = {10},
	url = {http://doi.acm.org/10.1145/2661829.2661953},
	doi = {10.1145/2661829.2661953},
	acmid = {2661953},
	publisher = {ACM},
	address = {New York, NY, USA},
	keywords = {effort, relevance assesments, user behaviour},
} 

@inproceedings{Zhou:2012,
	author = {Zhou, Ke and Cummins, Ronan and Lalmas, Mounia and Jose, Joemon M.},
	title = {Evaluating Aggregated Search Pages},
	booktitle = {Proceedings of the 35th International ACM SIGIR Conference on Research and Development in Information Retrieval},
	series = {SIGIR '12},
	year = {2012},
	isbn = {978-1-4503-1472-5},
	location = {Portland, Oregon, USA},
	pages = {115--124},
	numpages = {10},
	url = {http://doi.acm.org/10.1145/2348283.2348302},
	doi = {10.1145/2348283.2348302},
	acmid = {2348302},
	publisher = {ACM},
	address = {New York, NY, USA},
	keywords = {aggregated search, diversity, evaluation, performance metric},
} 

@inproceedings{Kiseleva:2016,
	author = {Kiseleva, Julia and Williams, Kyle and Hassan Awadallah, Ahmed and Crook, Aidan C. and Zitouni, Imed and Anastasakos, Tasos},
	title = {Predicting User Satisfaction with Intelligent Assistants},
	booktitle = {Proceedings of the 39th International ACM SIGIR Conference on Research and Development in Information Retrieval},
	series = {SIGIR '16},
	year = {2016},
	isbn = {978-1-4503-4069-4},
	location = {Pisa, Italy},
	pages = {45--54},
	numpages = {10},
	url = {http://doi.acm.org/10.1145/2911451.2911521},
	doi = {10.1145/2911451.2911521},
	acmid = {2911521},
	publisher = {ACM},
	address = {New York, NY, USA},
	keywords = {intelligent assistant, mobile search, spoken dialogue system, user experience, user satisfaction, user study},
} 
