
@inproceedings{Moffat2013,
	author = {Moffat, Alistair and Thomas, Paul and Scholer, Falk},
	title = {Users Versus Models: What Observation Tells Us About Effectiveness Metrics},
	booktitle = {Proceedings of the 22Nd ACM International Conference on Information \& Knowledge Management},
	series = {CIKM '13},
	year = {2013},
	isbn = {978-1-4503-2263-8},
	location = {San Francisco, California, USA},
	pages = {659--668},
	numpages = {10},
	url = {http://doi.acm.org/10.1145/2505515.2507665},
	doi = {10.1145/2505515.2507665},
	acmid = {2507665},
	publisher = {ACM},
	address = {New York, NY, USA},
	keywords = {evaluation, retrieval experiment, system measurement},
} 

@inproceedings{radl:comp10,
	author    = {Filip Radlinski and
	Nick Craswell},
	title     = {Comparing the sensitivity of Information Retrieval metrics},
	booktitle = {SIGIR},
	year      = {2010},
	pages     = {667-674},
	ee        = {http://doi.acm.org/10.1145/1835449.1835560},
	crossref  = {DBLP:conf/sigir/2010},
	bibsource = {DBLP, http://dblp.uni-trier.de}
}


