@inproceedings{Dincer:2014,
 author = {Din\c{c}er, B. Taner and Macdonald, Craig and Ounis, Iadh},
 title = {Hypothesis Testing for the Risk-sensitive Evaluation of Retrieval Systems},
 booktitle = {Proceedings of the 37th International ACM SIGIR Conference on Research \&\#38; Development in Information Retrieval},
 series = {SIGIR '14},
 year = {2014},
 isbn = {978-1-4503-2257-7},
 location = {Gold Coast, Queensland, Australia},
 pages = {23--32},
 numpages = {10},
 url = {http://doi.acm.org/10.1145/2600428.2609625},
 doi = {10.1145/2600428.2609625},
 acmid = {2609625},
 publisher = {ACM},
 address = {New York, NY, USA},
 keywords = {risk-sensitive evaluation, student's t test},
} 

@inproceedings{Bron:2013,
	author = {Bron, Marc and van Gorp, Jasmijn and Nack, Frank and Baltussen, Lotte Belice and de Rijke, Maarten},
	title = {Aggregated Search Interface Preferences in Multi-session Search Tasks},
	booktitle = {Proceedings of the 36th International ACM SIGIR Conference on Research and Development in Information Retrieval},
	series = {SIGIR '13},
	year = {2013},
	isbn = {978-1-4503-2034-4},
	location = {Dublin, Ireland},
	pages = {123--132},
	numpages = {10},
	url = {http://doi.acm.org/10.1145/2484028.2484050},
	doi = {10.1145/2484028.2484050},
	acmid = {2484050},
	publisher = {ACM},
	address = {New York, NY, USA},
	keywords = {aggregated search, multi-session search tasks, search behavior, search interface preferences},
} 

@inproceedings{Urbano:2013,
	author = {Urbano, Juli\'{a}n and Marrero, M\'{o}nica and Mart\'{\i}n, Diego},
	title = {On the Measurement of Test Collection Reliability},
	booktitle = {Proceedings of the 36th International ACM SIGIR Conference on Research and Development in Information Retrieval},
	series = {SIGIR '13},
	year = {2013},
	isbn = {978-1-4503-2034-4},
	location = {Dublin, Ireland},
	pages = {393--402},
	numpages = {10},
	url = {http://doi.acm.org/10.1145/2484028.2484038},
	doi = {10.1145/2484028.2484038},
	acmid = {2484038},
	publisher = {ACM},
	address = {New York, NY, USA},
	keywords = {evaluation, generalizability theory, reliability, test collection, trec},
} 

@inproceedings{Boytsov:2013,
	author = {Boytsov, Leonid and Belova, Anna and Westfall, Peter},
	title = {Deciding on an Adjustment for Multiplicity in IR Experiments},
	booktitle = {Proceedings of the 36th International ACM SIGIR Conference on Research and Development in Information Retrieval},
	series = {SIGIR '13},
	year = {2013},
	isbn = {978-1-4503-2034-4},
	location = {Dublin, Ireland},
	pages = {403--412},
	numpages = {10},
	url = {http://doi.acm.org/10.1145/2484028.2484034},
	doi = {10.1145/2484028.2484034},
	acmid = {2484034},
	publisher = {ACM},
	address = {New York, NY, USA},
	keywords = {holm-bonferroni, maxt, multiple comparisons, permutation test, randomization test, statistical significance, t-test},
} 

@inproceedings{Zhou:2013,
	author = {Zhou, Ke and Lalmas, Mounia and Sakai, Tetsuya and Cummins, Ronan and Jose, Joemon M.},
	title = {On the Reliability and Intuitiveness of Aggregated Search Metrics},
	booktitle = {Proceedings of the 22Nd ACM International Conference on Information \& Knowledge Management},
	series = {CIKM '13},
	year = {2013},
	isbn = {978-1-4503-2263-8},
	location = {San Francisco, California, USA},
	pages = {689--698},
	numpages = {10},
	url = {http://doi.acm.org/10.1145/2505515.2505691},
	doi = {10.1145/2505515.2505691},
	acmid = {2505691},
	publisher = {ACM},
	address = {New York, NY, USA},
	keywords = {aggregated search, discriminative power, diversity, evaluation, intuitiveness, metric, reliability},
} 

@inproceedings{Sakai:2014,
	author = {Sakai, Tetsuya},
	title = {Designing Test Collections for Comparing Many Systems},
	booktitle = {Proceedings of the 23rd ACM International Conference on Conference on Information and Knowledge Management},
	series = {CIKM '14},
	year = {2014},
	isbn = {978-1-4503-2598-1},
	location = {Shanghai, China},
	pages = {61--70},
	numpages = {10},
	url = {http://doi.acm.org/10.1145/2661829.2661893},
	doi = {10.1145/2661829.2661893},
	acmid = {2661893},
	publisher = {ACM},
	address = {New York, NY, USA},
	keywords = {effect sizes, evaluation, evaluation measures, power, sample sizes, statistical significance, test collections, variances},
} 

@inproceedings{Robertson:2012,
	author = {Robertson, Stephen E. and Kanoulas, Evangelos},
	title = {On Per-topic Variance in IR Evaluation},
	booktitle = {Proceedings of the 35th International ACM SIGIR Conference on Research and Development in Information Retrieval},
	series = {SIGIR '12},
	year = {2012},
	isbn = {978-1-4503-1472-5},
	location = {Portland, Oregon, USA},
	pages = {891--900},
	numpages = {10},
	url = {http://doi.acm.org/10.1145/2348283.2348402},
	doi = {10.1145/2348283.2348402},
	acmid = {2348402},
	publisher = {ACM},
	address = {New York, NY, USA},
	keywords = {evaluation, information retrieval, mixed-effects model, significance testing, simulation, statistical precision},
} 

@inproceedings{Hosseini:2012,
	author = {Hosseini, Mehdi and Cox, Ingemar J. and Milic-Frayling, Natasa and Shokouhi, Milad and Yilmaz, Emine},
	title = {An Uncertainty-aware Query Selection Model for Evaluation of IR Systems},
	booktitle = {Proceedings of the 35th International ACM SIGIR Conference on Research and Development in Information Retrieval},
	series = {SIGIR '12},
	year = {2012},
	isbn = {978-1-4503-1472-5},
	location = {Portland, Oregon, USA},
	pages = {901--910},
	numpages = {10},
	url = {http://doi.acm.org/10.1145/2348283.2348403},
	doi = {10.1145/2348283.2348403},
	acmid = {2348403},
	publisher = {ACM},
	address = {New York, NY, USA},
	keywords = {information retrieval, query selection, test collection},
} 
