@incollection{gunawardana2015evaluating,
	title={Evaluating Recommender Systems},
	author={Gunawardana, Asela and Shani, Guy},
	booktitle={Recommender Systems Handbook},
	pages={265--308},
	year={2015},
	publisher={Springer}
}

@article{Gomez-Uribe2015,
	author = {Gomez-Uribe, Carlos A. and Hunt, Neil},
	title = {The Netflix Recommender System: Algorithms, Business Value, and Innovation},
	journal = {ACM Trans. Manage. Inf. Syst.},
	issue_date = {January 2016},
	volume = {6},
	number = {4},
	month = dec,
	year = {2015},
	issn = {2158-656X},
	pages = {13:1--13:19},
	articleno = {13},
	numpages = {19},
	url = {http://doi.acm.org/10.1145/2843948},
	doi = {10.1145/2843948},
	acmid = {2843948},
	publisher = {ACM},
	address = {New York, NY, USA},
	keywords = {Recommender systems},
} 

@inproceedings{43224,
	title = {Towards better measurement of attention and satisfaction in mobile search},
	author  = {Dmitry Lagun and Dale Webster and Chih-Hung Hsieh and Vidhya Navalpakkam},
	year  = 2014,
	booktitle = {SIGIR '14 Proceedings of the 37th international ACM SIGIR conference on Research & development in information retrieval},
	pages = {113-122}
}

@inproceedings{43887,
	title = {Focus on the Long-Term: It's better for Users and Business},
	author  = {Henning Hohnhold and Deirdre O'Brien and Diane Tang},
	year  = 2015,
	URL = {http://dl.acm.org/citation.cfm?doid=2783258.2788583},
	booktitle = {Proceedings 21st Conference on Knowledge Discovery and Data Mining},
	address = {Sydney, Australia}
}

@inproceedings{42022,
	title = {Quizz: Targeted Crowdsourcing with a Billion (Potential) Users},
	author  = {Panos Ipeirotis and Evgeniy Gabrilovich},
	year  = 2014,
	booktitle = {WWW}
}

@inproceedings{Fiore:2014:IPO:2556288.2557418,
	author = {Fiore, Andrew T. and Cheshire, Coye and Shaw Taylor, Lindsay and Mendelsohn, G.A.},
	title = {Incentives to Participate in Online Research: An Experimental Examination of "Surprise" Incentives},
	booktitle = {Proceedings of the SIGCHI Conference on Human Factors in Computing Systems},
	series = {CHI '14},
	year = {2014},
	isbn = {978-1-4503-2473-1},
	location = {Toronto, Ontario, Canada},
	pages = {3433--3442},
	numpages = {10},
	url = {http://doi.acm.org/10.1145/2556288.2557418},
	doi = {10.1145/2556288.2557418},
	acmid = {2557418},
	publisher = {ACM},
	address = {New York, NY, USA},
	keywords = {incentives, motivation, online research recruitment},
} 


%%% Beyond Web Relevance

@inproceedings{Kharitonov:2013:UMM:2484028.2484041,
	author = {Kharitonov, Eugene and Macdonald, Craig and Serdyukov, Pavel and Ounis, Iadh},
	title = {User Model-based Metrics for Offline Query Suggestion Evaluation},
	booktitle = {Proceedings of the 36th International ACM SIGIR Conference on Research and Development in Information Retrieval},
	series = {SIGIR '13},
	year = {2013},
	isbn = {978-1-4503-2034-4},
	location = {Dublin, Ireland},
	pages = {633--642},
	numpages = {10},
	url = {http://doi.acm.org/10.1145/2484028.2484041},
	doi = {10.1145/2484028.2484041},
	acmid = {2484041},
	publisher = {ACM},
	address = {New York, NY, USA},
	keywords = {evaluation measures, query suggestions, user models},
} 

@inproceedings{Baruah2015,
	author = {Baruah, Gaurav and Smucker, Mark D. and Clarke, Charles L.A.},
	title = {Evaluating Streams of Evolving News Events},
	booktitle = {Proceedings of the 38th International ACM SIGIR Conference on Research and Development in Information Retrieval},
	series = {SIGIR '15},
	year = {2015},
	isbn = {978-1-4503-3621-5},
	location = {Santiago, Chile},
	pages = {675--684},
	numpages = {10},
	url = {http://doi.acm.org/10.1145/2766462.2767751},
	doi = {10.1145/2766462.2767751},
	acmid = {2767751},
	publisher = {ACM},
	address = {New York, NY, USA},
	keywords = {evaluation, search, streams},
}

@inproceedings{Wang2015,
	author = {Wang, Yulu and Sherman, Garrick and Lin, Jimmy and Efron, Miles},
	title = {Assessor Differences and User Preferences in Tweet Timeline Generation},
	booktitle = {Proceedings of the 38th International ACM SIGIR Conference on Research and Development in Information Retrieval},
	series = {SIGIR '15},
	year = {2015},
	isbn = {978-1-4503-3621-5},
	location = {Santiago, Chile},
	pages = {615--624},
	numpages = {10},
	url = {http://doi.acm.org/10.1145/2766462.2767699},
	doi = {10.1145/2766462.2767699},
	acmid = {2767699},
	publisher = {ACM},
	address = {New York, NY, USA},
	keywords = {microblog search, trec evaluation, user study},
}

@inproceedings{Shah:2010:EPA:1835449.1835518,
	author = {Shah, Chirag and Pomerantz, Jefferey},
	title = {Evaluating and Predicting Answer Quality in Community QA},
	booktitle = {Proceedings of the 33rd International ACM SIGIR Conference on Research and Development in Information Retrieval},
	series = {SIGIR '10},
	year = {2010},
	isbn = {978-1-4503-0153-4},
	location = {Geneva, Switzerland},
	pages = {411--418},
	numpages = {8},
	url = {http://doi.acm.org/10.1145/1835449.1835518},
	doi = {10.1145/1835449.1835518},
	acmid = {1835518},
	publisher = {ACM},
	address = {New York, NY, USA},
	keywords = {answer quality evaluation and prediction, community question answering},
} 

@inproceedings{Amigo:2013:GEM:2484028.2484081,
	author = {Amig\'{o}, Enrique and Gonzalo, Julio and Verdejo, Felisa},
	title = {A General Evaluation Measure for Document Organization Tasks},
	booktitle = {Proceedings of the 36th International ACM SIGIR Conference on Research and Development in Information Retrieval},
	series = {SIGIR '13},
	year = {2013},
	isbn = {978-1-4503-2034-4},
	location = {Dublin, Ireland},
	pages = {643--652},
	numpages = {10},
	url = {http://doi.acm.org/10.1145/2484028.2484081},
	doi = {10.1145/2484028.2484081},
	acmid = {2484081},
	publisher = {ACM},
	address = {New York, NY, USA},
	keywords = {effectiveness measures},
} 

