
@inproceedings{Megorskaya2015,
	author = {Megorskaya, Olga and Kukushkin, Vladimir and Serdyukov, Pavel},
	title = {On the Relation Between Assessor's Agreement and Accuracy in Gamified Relevance Assessment},
	booktitle = {Proceedings of the 38th International ACM SIGIR Conference on Research and Development in Information Retrieval},
	series = {SIGIR '15},
	year = {2015},
	isbn = {978-1-4503-3621-5},
	location = {Santiago, Chile},
	pages = {605--614},
	numpages = {10},
	url = {http://doi.acm.org/10.1145/2766462.2767727},
	doi = {10.1145/2766462.2767727},
	acmid = {2767727},
	publisher = {ACM},
	address = {New York, NY, USA},
	keywords = {agreement vs. accuracy, judgments collection workflow, relevance labels},
}


@inproceedings{Davtyan2015,
	author = {Davtyan, Martin and Eickhoff, Carsten and Hofmann, Thomas},
	title = {Exploiting Document Content for Efficient Aggregation of Crowdsourcing Votes},
	booktitle = {Proceedings of the 24th ACM International on Conference on Information and Knowledge Management},
	series = {CIKM '15},
	year = {2015},
	isbn = {978-1-4503-3794-6},
	location = {Melbourne, Australia},
	pages = {783--790},
	numpages = {8},
	url = {http://doi.acm.org/10.1145/2806416.2806460},
	doi = {10.1145/2806416.2806460},
	acmid = {2806460},
	publisher = {ACM},
	address = {New York, NY, USA},
	keywords = {clustering hypothesis, crowdsourcing, relevance assessment},
}
