
@article{INR-009,
	url = {http://dx.doi.org/10.1561/1500000009},
	year = {2010},
	volume = {4},
	journal = {Foundations and Trends® in Information Retrieval},
	title = {Test Collection Based Evaluation of Information Retrieval Systems},
	doi = {10.1561/1500000009},
	issn = {1554-0669},
	number = {4},
	pages = {247-375},
	author = {Mark Sanderson}
}

@article{INR-XYZ,
	year = {2016},
	journal = {Foundations and Trends® in Information Retrieval},
	title = {Online Evaluation for Information Retrieval},
	author = {Katja Hofmann, Lihong Li, Filip Radlinski}
}

@article{INR-040,
	url = {http://dx.doi.org/10.1561/1500000040},
	year = {2015},
	volume = {9},
	journal = {Foundations and Trends® in Information Retrieval},
	title = {Search Result Diversification},
	doi = {10.1561/1500000040},
	issn = {1554-0669},
	number = {1},
	pages = {1-90},
	author = {Rodrygo L. T. Santos and Craig Macdonald and Iadh Ounis}
}

@incollection{gunawardana2015evaluating,
  title={Evaluating Recommender Systems},
  author={Gunawardana, Asela and Shani, Guy},
  booktitle={Recommender Systems Handbook},
  pages={265--308},
  year={2015},
  publisher={Springer}
}

@article{Gomez-Uribe2015,
	author = {Gomez-Uribe, Carlos A. and Hunt, Neil},
	title = {The Netflix Recommender System: Algorithms, Business Value, and Innovation},
	journal = {ACM Trans. Manage. Inf. Syst.},
	issue_date = {January 2016},
	volume = {6},
	number = {4},
	month = dec,
	year = {2015},
	issn = {2158-656X},
	pages = {13:1--13:19},
	articleno = {13},
	numpages = {19},
	url = {http://doi.acm.org/10.1145/2843948},
	doi = {10.1145/2843948},
	acmid = {2843948},
	publisher = {ACM},
	address = {New York, NY, USA},
	keywords = {Recommender systems},
} 
