
@article{INR-009,
	url = {http://dx.doi.org/10.1561/1500000009},
	year = {2010},
	volume = {4},
	journal = {Foundations and Trends in Information Retrieval},
	title = {Test Collection Based Evaluation of Information Retrieval Systems},
	doi = {10.1561/1500000009},
	issn = {1554-0669},
	number = {4},
	pages = {247-375},
	author = {Mark Sanderson}
}

@article{INR-XYZ,
	year = {2016},
	journal = {Foundations and Trends in Information Retrieval},
	title = {Online Evaluation for Information Retrieval},
	author = {Katja Hofmann and Lihong Li and Filip Radlinski}
}

@article{kelly2009methods,
	title={Methods for evaluating interactive information retrieval systems with users},
	author={Kelly, Diane},
	journal={Foundations and Trends in Information Retrieval},
	volume={3},
	number={1â€”2},
	pages={1--224},
	year={2009},
	publisher={Now Publishers Inc.}
}


%% Recent Trends %%

@inproceedings{Kim2016,
	author = {Kim, Jin Young and Teevan, Jaime and Craswell, Nick},
	title = {Explicit In Situ User Feedback for Web Search Results},
	booktitle = {Proceedings of the 39th International ACM SIGIR Conference on Research and Development in Information Retrieval},
	series = {SIGIR '16},
	year = {2016},
	publisher = {ACM}
} 

@inproceedings{Al-Maskari2007,
	author = {Al-Maskari, Azzah and Sanderson, Mark and Clough, Paul},
	title = {The relationship between IR effectiveness measures and user satisfaction},
	booktitle = {Proceedings of the 30th annual international ACM SIGIR},
	series = {SIGIR '07},
	year = {2007},
	isbn = {978-1-59593-597-7},
	location = {Amsterdam, The Netherlands},
	pages = {773--774},
	numpages = {2},
	url = {http://doi.acm.org/10.1145/1277741.1277902},
	doi = {10.1145/1277741.1277902},
	acmid = {1277902},
	publisher = {ACM},
	address = {New York, NY, USA},
	keywords = {IR effectiveness measures, user satisfaction},
}


@inproceedings{Li2009GA,
	title = {Good Abandonment in Mobile and PC Internet Search},
	author  = {Jane Li and Scott Huffman and Akihito Tokuda},
	year  = 2009,
	URL = {http://portal.acm.org/citation.cfm?id=1571941.1571951},
	booktitle = {32nd Annual International ACM SIGIR Conference on Research and Development in Information Retrieval},
	pages = {43--50},
	address = {2 Penn Plaza, Suite 701, New York 10121-0701}
}

@inproceedings{diriye2012leaving,
	title={Leaving so soon?: understanding and predicting web search abandonment rationales},
	author={Diriye, Abdigani and White, Ryen and Buscher, Georg and Dumais, Susan},
	booktitle={Proceedings of the 21st ACM international conference on Information and knowledge management},
	pages={1025--1034},
	year={2012},
	organization={ACM}
}



%% IR Evaluation

@inproceedings{smucker12stochastic,
	author = {Smucker, Mark D. and Clarke, Charles L. A.},
	title = {Stochastic Simulation of Time-biased Gain},
	booktitle = {Proceedings of the 21st ACM International Conference on Information and Knowledge Management},
	series = {CIKM '12},
	year = {2012},
	isbn = {978-1-4503-1156-4},
	location = {Maui, Hawaii, USA},
	pages = {2040--2044},
	numpages = {5},
	url = {http://doi.acm.org/10.1145/2396761.2398568},
	doi = {10.1145/2396761.2398568},
	acmid = {2398568},
	publisher = {ACM},
	address = {New York, NY, USA},
	keywords = {information retrieval, search evaluation},
} 

@article{borlund2003,
	address = {New York, NY, USA},
	author = {Borlund, Pia},
	day = {7},
	issn = {1532-2882},
	journal = {Journal of the American Society for Information Science and Technology},
	month = {May},
	number = {10},
	pages = {913--925},
	posted-at = {2010-11-09 14:48:14},
	priority = {2},
	publisher = {John Wiley \& Sons, Inc.},
	title = {{The concept of relevance in IR}},
	volume = {54},
	year = {2003}
}


@Article{cleverdon67,
	author =	 {C. W. Cleverdon},
	title =	 {The Cranfield tests on index language devices},
	journal =	 {Aslib},
	year =	 1967,
	volume =	 19,
	pages =	 {173--192}
}

@book{cleverdon66,
	author = {Cyril W. Cleverdon and Jack Mills and E Michael Keen},
	title = {Factors determining the performance of indexing systems; Volume 1: Design},
	year = 1966,
	publisher = {The College of Aeronautics},
	address = {Cranfield}
}


@article{rel-hist-jasis-97,
	author    = {Stefano Mizzaro},
	title     = {Relevance: The Whole History},
	journal   = {Journal of the American Society for Information Science},
	volume    = {48},
	number    = {9},
	year      = {1997},
	pages     = {810-832},
	bibsource = {DBLP, http://dblp.uni-trier.de}
}


@Book{voor:trec05,
	editor =	 "Ellen M. Voorhees and Donna K. Harman",
	title =	 {{TREC}: Experimentation and Evaluation in Information Retrieval},
	booktitle =	 {TREC: Experimentation and Evaluation in
	Information Retrieval},
	publisher =	 "MIT Press",
	year =	 2005
}

@InProceedings{scholer13,
	author = "Falk Scholer and Alistair Moffat and Paul Thomas",
	title = "Choices in batch information retrieval evaluation",
	booktitle = "Proceedings of the Australasian Document Computing Symposium",
	year = 2013
}

@techreport{carterette2014overview,
	title={Overview of the TREC 2014 session track},
	author={Carterette, Ben and Kanoulas, Evangelos and Hall, Mark and Clough, Paul},
	year={2014},
	institution={DTIC Document}
}

@techreport{yilmaz2015overview,
	title={Overview of the TREC 2015 Tasks Track},
	author={Yilmaz, Emine and Kanoulas, Evangelos and Verma, Manisha and Carterette, Ben and Craswell, Nick and Mehrotra, Rishabh},
	year={2015}
}

@article{saracevic16relevance,
	author = {Tefko Saracevic},
	title = {The Notion of Relevance in Information Science: Everybody knows what relevance is. But, what is it really?},
	journaltitle = {Synthesis Lectures on Information Concepts, Retrieval, and Services},
	month = sep,
	year = 2016,
	volume = {8},
	number = {3},
	pages = {i--109},
	doi = {10.2200/S00723ED1V01Y201607ICR050}
}

@inproceedings{bailey15user,
	author = {Peter Bailey and Alistair Moffat and Falk Scholer and Paul Thomas},
	title = {User Variability and {IR} System Evaluation},
	booktitle = {Proceedings of the 38th International ACM SIGIR Conference on Research and Development in Information Retrieval},
	year = 2015,
	publisher = {ACM},
	address = {New York, NY, USA},
	pages = {625--634},
	doi = {10.1145/2766462.2767728}
}

@report{TRECimpact,
	author = {Brent R Rowe and Dallas W Wood and Albert N Link and Diglio A Simoni},
	title = {Economic Impact Assessment of {NIST's} {Text} {REtrieval} {Conference} {(TREC)} Program: Final report},
	institution = {RTI International},
	month = jul,
	year = 2010,
	url = {trec.nist.gov/pubs/2010.economic.impact.pdf}
}


%% Counterfactual / Log Study %%

@inproceedings{li2010contextual,
	title={A contextual-bandit approach to personalized news article recommendation},
	author={Li, Lihong and Chu, Wei and Langford, John and Schapire, Robert E},
	booktitle={Proceedings of the 19th international conference on World wide web},
	pages={661--670},
	year={2010},
	organization={ACM}
}

@book{
	chuklin2015click,
	Author = {Chuklin, Aleksandr and Markov, Ilya and de Rijke, Maarten},
	Publisher = {Morgan \& Claypool},
	Title = {Click Models for Web Search},
	Year = {2015},
	Isbn = {9781627056489},
	Doi = {10.2200/S00654ED1V01Y201507ICR043}
}

@inproceedings{Li:2015,
	author = {Li, Lihong and Kim, Jin Young and Zitouni, Imed},
	title = {Toward Predicting the Outcome of an A/B Experiment for Search Relevance},
	booktitle = {Proceedings of the Eighth ACM International Conference on Web Search and Data Mining},
	series = {WSDM '15},
	year = {2015},
	isbn = {978-1-4503-3317-7},
	location = {Shanghai, China},
	pages = {37--46},
	numpages = {10},
	url = {http://doi.acm.org/10.1145/2684822.2685311},
	doi = {10.1145/2684822.2685311},
	acmid = {2685311},
	publisher = {ACM},
	address = {New York, NY, USA},
	keywords = {contextual bandits, evaluation, experimentation, information retrieval, web search},
} 

%% User Study %%

@inproceedings{Bron:2013,
	author = {Bron, Marc and van Gorp, Jasmijn and Nack, Frank and Baltussen, Lotte Belice and de Rijke, Maarten},
	title = {Aggregated Search Interface Preferences in Multi-session Search Tasks},
	booktitle = {Proceedings of the 36th International ACM SIGIR Conference on Research and Development in Information Retrieval},
	series = {SIGIR '13},
	year = {2013},
	isbn = {978-1-4503-2034-4},
	location = {Dublin, Ireland},
	pages = {123--132},
	numpages = {10},
	url = {http://doi.acm.org/10.1145/2484028.2484050},
	doi = {10.1145/2484028.2484050},
	acmid = {2484050},
	publisher = {ACM},
	address = {New York, NY, USA},
	keywords = {aggregated search, multi-session search tasks, search behavior, search interface preferences},
} 

@inproceedings{Liu:2014,
	author = {Liu, Chang and Liu, Jingjing and Belkin, Nicholas J.},
	title = {Predicting Search Task Difficulty at Different Search Stages},
	booktitle = {Proceedings of the 23rd ACM International Conference on Conference on Information and Knowledge Management},
	series = {CIKM '14},
	year = {2014},
	isbn = {978-1-4503-2598-1},
	location = {Shanghai, China},
	pages = {569--578},
	numpages = {10},
	url = {http://doi.acm.org/10.1145/2661829.2661939},
	doi = {10.1145/2661829.2661939},
	acmid = {2661939},
	publisher = {ACM},
	address = {New York, NY, USA},
	keywords = {personalization, search task difficulty, search task difficulty prediction, user searching behavior},
}

@inproceedings{Shah:2011,
	author = {Shah, Chirag and Gonz\'{a}lez-Ib\'{a}\~{n}ez, Roberto},
	title = {Evaluating the Synergic Effect of Collaboration in Information Seeking},
	booktitle = {Proceedings of the 34th International ACM SIGIR Conference on Research and Development in Information Retrieval},
	series = {SIGIR '11},
	year = {2011},
	isbn = {978-1-4503-0757-4},
	location = {Beijing, China},
	pages = {913--922},
	numpages = {10},
	url = {http://doi.acm.org/10.1145/2009916.2010038},
	doi = {10.1145/2009916.2010038},
	acmid = {2010038},
	publisher = {ACM},
	address = {New York, NY, USA},
	keywords = {collaborative information seeking, evaluation, synergic effect},
} 

@inproceedings{Bailey:2008,
	author = {Bailey, Peter and Craswell, Nick and Soboroff, Ian and Thomas, Paul and de Vries, Arjen P. and Yilmaz, Emine},
	title = {Relevance Assessment: Are Judges Exchangeable and Does It Matter},
	booktitle = {Proceedings of the 31st Annual International ACM SIGIR Conference on Research and Development in Information Retrieval},
	series = {SIGIR '08},
	year = {2008},
	isbn = {978-1-60558-164-4},
	location = {Singapore, Singapore},
	pages = {667--674},
	numpages = {8},
	url = {http://doi.acm.org/10.1145/1390334.1390447},
	doi = {10.1145/1390334.1390447},
	acmid = {1390447},
	publisher = {ACM},
	address = {New York, NY, USA},
	keywords = {inter-rater agreement, test collection relevance judgements},
} 


@article{aroyo2013crowd,
	title={Crowd Truth: Harnessing disagreement in crowdsourcing a relation extraction gold standard},
	author={Aroyo, Lora and Welty, Chris},
	journal={WebSci2013. ACM},
	volume={2013},
	year={2013}
}

@inproceedings{aroyo2013measuring,
	title={Measuring crowd truth for medical relation extraction},
	author={Aroyo, Lora and Welty, Chris},
	booktitle={2013 AAAI Fall Symposium Series},
	year={2013}
}

@inproceedings{Venanzi:2014,
	author = {Venanzi, Matteo and Guiver, John and Kazai, Gabriella and Kohli, Pushmeet and Shokouhi, Milad},
	title = {Community-based Bayesian Aggregation Models for Crowdsourcing},
	booktitle = {Proceedings of the 23rd International Conference on World Wide Web},
	series = {WWW '14},
	year = {2014},
	isbn = {978-1-4503-2744-2},
	location = {Seoul, Korea},
	pages = {155--164},
	numpages = {10},
	url = {http://doi.acm.org/10.1145/2566486.2567989},
	doi = {10.1145/2566486.2567989},
	acmid = {2567989},
	publisher = {ACM},
	address = {New York, NY, USA},
	keywords = {bayesian inference, community detection, crowdsourcing},
} 

@Article{Kazai2012,
	author="Kazai, Gabriella
	and Kamps, Jaap
	and Milic-Frayling, Natasa",
	title="An analysis of human factors and label accuracy in crowdsourcing relevance judgments",
	journal="Information Retrieval",
	year="2012",
	volume="16",
	number="2",
	pages="138--178",
	issn="1573-7659",
	doi="10.1007/s10791-012-9205-0",
	url="http://dx.doi.org/10.1007/s10791-012-9205-0"
}

@Article{Alonso2012,
	author="Alonso, Omar",
	title="Implementing crowdsourcing-based relevance experimentation: an industrial perspective",
	journal="Information Retrieval",
	year="2012",
	volume="16",
	number="2",
	pages="101--120",
	issn="1573-7659",
	doi="10.1007/s10791-012-9204-1",
	url="http://dx.doi.org/10.1007/s10791-012-9204-1"
}

@article{Alonso20121053,
	title = "Using crowdsourcing for \{TREC\} relevance assessment ",
	journal = "Information Processing \{and\} Management ",
	volume = "48",
	number = "6",
	pages = "1053 - 1066",
	year = "2012",
	note = "",
	issn = "0306-4573",
	doi = "http://dx.doi.org/10.1016/j.ipm.2012.01.004",
	url = "http://www.sciencedirect.com/science/article/pii/S0306457312000052",
	author = "Omar Alonso and Stefano Mizzaro",
	keywords = "\{IR\} evaluation",
	keywords = "Test collections",
	keywords = "Relevance assessment",
	keywords = "Crowdsourcing",
	keywords = "TREC",
	keywords = "Amazon Mechanical Turk",
	keywords = "Experimental design "
}

@inproceedings{Alonso:2015,
	author = {Alonso, Omar and Marshall, Catherine C. and Najork, Marc},
	title = {Debugging a Crowdsourced Task with Low Inter-Rater Agreement},
	booktitle = {Proceedings of the 15th ACM/IEEE-CS Joint Conference on Digital Libraries},
	series = {JCDL '15},
	year = {2015},
	isbn = {978-1-4503-3594-2},
	location = {Knoxville, Tennessee, USA},
	pages = {101--110},
	numpages = {10},
	url = {http://doi.acm.org/10.1145/2756406.2757741},
	doi = {10.1145/2756406.2757741},
	acmid = {2757741},
	publisher = {ACM},
	address = {New York, NY, USA},
	keywords = {captchas, crowdsourcing, debugging, inter-rater agreement, labeling, relevance judgment, worker reliability},
} 


@inproceedings{Kazai:2016,
	author = {Kazai, Gabriella and Zitouni, Imed},
	title = {Quality Management in Crowdsourcing Using Gold Judges Behavior},
	booktitle = {Proceedings of the Ninth ACM International Conference on Web Search and Data Mining},
	series = {WSDM '16},
	year = {2016},
	isbn = {978-1-4503-3716-8},
	location = {San Francisco, California, USA},
	pages = {267--276},
	numpages = {10},
	url = {http://doi.acm.org/10.1145/2835776.2835835},
	doi = {10.1145/2835776.2835835},
	acmid = {2835835},
	publisher = {ACM},
	address = {New York, NY, USA},
	keywords = {experimentation, measurement},
} 

@inproceedings{Eickhoff:2012,
	author = {Eickhoff, Carsten and Harris, Christopher G. and de Vries, Arjen P. and Srinivasan, Padmini},
	title = {Quality Through Flow and Immersion: Gamifying Crowdsourced Relevance Assessments},
	booktitle = {Proceedings of the 35th International ACM SIGIR Conference on Research and Development in Information Retrieval},
	series = {SIGIR '12},
	year = {2012},
	isbn = {978-1-4503-1472-5},
	location = {Portland, Oregon, USA},
	pages = {871--880},
	numpages = {10},
	url = {http://doi.acm.org/10.1145/2348283.2348400},
	doi = {10.1145/2348283.2348400},
	acmid = {2348400},
	publisher = {ACM},
	address = {New York, NY, USA},
	keywords = {clustering, crowdsourcing, gamification, relevance assessments, serious games},
} 


@inproceedings{Megorskaya2015,
	author = {Megorskaya, Olga and Kukushkin, Vladimir and Serdyukov, Pavel},
	title = {On the Relation Between Assessor's Agreement and Accuracy in Gamified Relevance Assessment},
	booktitle = {Proceedings of the 38th International ACM SIGIR Conference on Research and Development in Information Retrieval},
	series = {SIGIR '15},
	year = {2015},
	isbn = {978-1-4503-3621-5},
	location = {Santiago, Chile},
	pages = {605--614},
	numpages = {10},
	url = {http://doi.acm.org/10.1145/2766462.2767727},
	doi = {10.1145/2766462.2767727},
	acmid = {2767727},
	publisher = {ACM},
	address = {New York, NY, USA},
	keywords = {agreement vs. accuracy, judgments collection workflow, relevance labels},
}


@inproceedings{Davtyan2015,
	author = {Davtyan, Martin and Eickhoff, Carsten and Hofmann, Thomas},
	title = {Exploiting Document Content for Efficient Aggregation of Crowdsourcing Votes},
	booktitle = {Proceedings of the 24th ACM International on Conference on Information and Knowledge Management},
	series = {CIKM '15},
	year = {2015},
	isbn = {978-1-4503-3794-6},
	location = {Melbourne, Australia},
	pages = {783--790},
	numpages = {8},
	url = {http://doi.acm.org/10.1145/2806416.2806460},
	doi = {10.1145/2806416.2806460},
	acmid = {2806460},
	publisher = {ACM},
	address = {New York, NY, USA},
	keywords = {clustering hypothesis, crowdsourcing, relevance assessment},
}

@inproceedings{Rokicki:2014,
	author = {Rokicki, Markus and Chelaru, Sergiu and Zerr, Sergej and Siersdorfer, Stefan},
	title = {Competitive Game Designs for Improving the Cost Effectiveness of Crowdsourcing},
	booktitle = {Proceedings of the 23rd ACM International Conference on Conference on Information and Knowledge Management},
	series = {CIKM '14},
	year = {2014},
	isbn = {978-1-4503-2598-1},
	location = {Shanghai, China},
	pages = {1469--1478},
	numpages = {10},
	url = {http://doi.acm.org/10.1145/2661829.2661946},
	doi = {10.1145/2661829.2661946},
	acmid = {2661946},
	publisher = {ACM},
	address = {New York, NY, USA},
	keywords = {competitions, crowdsourcing, lotteries, reward schemes},
} 

@inproceedings{Blanco:2011,
	author = {Blanco, Roi and Halpin, Harry and Herzig, Daniel M. and Mika, Peter and Pound, Jeffrey and Thompson, Henry S. and Tran Duc, Thanh},
	title = {Repeatable and Reliable Search System Evaluation Using Crowdsourcing},
	booktitle = {Proceedings of the 34th International ACM SIGIR Conference on Research and Development in Information Retrieval},
	series = {SIGIR '11},
	year = {2011},
	isbn = {978-1-4503-0757-4},
	location = {Beijing, China},
	pages = {923--932},
	numpages = {10},
	url = {http://doi.acm.org/10.1145/2009916.2010039},
	doi = {10.1145/2009916.2010039},
	acmid = {2010039},
	publisher = {ACM},
	address = {New York, NY, USA},
	keywords = {crowdsourcing, evaluation, retrieval, search engines},
} 
%%% Search Task Collection %%%

@inproceedings{Baeza-Yates:2015,
	author = {Baeza-Yates, Ricardo},
	title = {Incremental Sampling of Query Logs},
	booktitle = {Proceedings of the 38th International ACM SIGIR Conference on Research and Development in Information Retrieval},
	series = {SIGIR '15},
	year = {2015},
	isbn = {978-1-4503-3621-5},
	location = {Santiago, Chile},
	pages = {1093--1096},
	numpages = {4},
	url = {http://doi.acm.org/10.1145/2766462.2776780},
	doi = {10.1145/2766462.2776780},
	acmid = {2776780},
	publisher = {ACM},
	address = {New York, NY, USA},
	keywords = {editorial judgments, query logs, sampling},
} 

@article{Borlund:2003,
	author = {Borlund, Pia},
	journal = {Information Research},
	keywords = {evaluation, information-exploration},
	number = {3},
	posted-at = {2008-09-18 19:47:14},
	priority = {2},
	title = {{The IIR evaluation model: a framework for evaluation of interactive information retrieval systems}},
	url = {http://informationr.net/ir/8-3/paper152.html},
	volume = {8},
	year = {2003}
}

@inproceedings{Belkin:2015:SAL,
	author = {Belkin, Nicholas J.},
	title = {Salton Award Lecture: People, Interacting with Information},
	booktitle = {Proceedings of the 38th International ACM SIGIR Conference on Research and Development in Information Retrieval},
	series = {SIGIR '15},
	year = {2015},
	isbn = {978-1-4503-3621-5},
	location = {Santiago, Chile},
	pages = {1--2},
	numpages = {2},
	url = {http://doi.acm.org/10.1145/2766462.2767854},
	doi = {10.1145/2766462.2767854},
	acmid = {2767854},
	publisher = {ACM},
	address = {New York, NY, USA},
	keywords = {information behavior, interactive information retrieval},
} 

@inproceedings{Kelly:2015,
	author = {Kelly, Diane and Arguello, Jaime and Edwards, Ashlee and Wu, Wan-ching},
	title = {Development and Evaluation of Search Tasks for IIR Experiments Using a Cognitive Complexity Framework},
	booktitle = {Proceedings of the 2015 International Conference on The Theory of Information Retrieval},
	series = {ICTIR '15},
	year = {2015},
	isbn = {978-1-4503-3833-2},
	location = {Northampton, Massachusetts, USA},
	pages = {101--110},
	numpages = {10},
	url = {http://doi.acm.org/10.1145/2808194.2809465},
	doi = {10.1145/2808194.2809465},
	acmid = {2809465},
	publisher = {ACM},
	address = {New York, NY, USA},
	keywords = {interactive ir, search behavior, search tasks, user studies},
} 

@inproceedings{Edwards:2016,
	author = {Edwards, Ashlee and Kelly, Diane},
	title = {How Does Interest in a Work Task Impact Search Behavior and Engagement?},
	booktitle = {Proceedings of the 2016 ACM on Conference on Human Information Interaction and Retrieval},
	series = {CHIIR '16},
	year = {2016},
	isbn = {978-1-4503-3751-9},
	location = {Carrboro, North Carolina, USA},
	pages = {249--252},
	numpages = {4},
	url = {http://doi.acm.org/10.1145/2854946.2855000},
	doi = {10.1145/2854946.2855000},
	acmid = {2855000},
	publisher = {ACM},
	address = {New York, NY, USA},
	keywords = {assigned search tasks, engagement, iir experiments, interest},
} 


@inproceedings{Zaragoza:2010,
	author = {Zaragoza, Hugo and Cambazoglu, B. Barla and Baeza-Yates, Ricardo},
	title = {Web Search Solved?: All Result Rankings the Same?},
	booktitle = {Proceedings of the 19th ACM International Conference on Information and Knowledge Management},
	series = {CIKM '10},
	year = {2010},
	isbn = {978-1-4503-0099-5},
	location = {Toronto, ON, Canada},
	pages = {529--538},
	numpages = {10},
	url = {http://doi.acm.org/10.1145/1871437.1871507},
	doi = {10.1145/1871437.1871507},
	acmid = {1871507},
	publisher = {ACM},
	address = {New York, NY, USA},
	keywords = {editorial judgments, relevance, web search evaluation},
} 

@inproceedings{Bailey:2015:UVI,
	author = {Bailey, Peter and Moffat, Alistair and Scholer, Falk and Thomas, Paul},
	title = {User Variability and IR System Evaluation},
	booktitle = {Proceedings of the 38th International ACM SIGIR Conference on Research and Development in Information Retrieval},
	series = {SIGIR '15},
	year = {2015},
	isbn = {978-1-4503-3621-5},
	location = {Santiago, Chile},
	pages = {625--634},
	numpages = {10},
	url = {http://doi.acm.org/10.1145/2766462.2767728},
	doi = {10.1145/2766462.2767728},
	acmid = {2767728},
	publisher = {ACM},
	address = {New York, NY, USA},
	keywords = {relevance measures, test collections, user behavior},
} 


@inproceedings{Yilmaz:2014:EID,
	author = {Yilmaz, Emine and Kanoulas, Evangelos and Craswell, Nick},
	title = {Effect of Intent Descriptions on Retrieval Evaluation},
	booktitle = {Proceedings of the 23rd ACM International Conference on Conference on Information and Knowledge Management},
	series = {CIKM '14},
	year = {2014},
	isbn = {978-1-4503-2598-1},
	location = {Shanghai, China},
	pages = {599--608},
	numpages = {10},
	url = {http://doi.acm.org/10.1145/2661829.2661950},
	doi = {10.1145/2661829.2661950},
	acmid = {2661950},
	publisher = {ACM},
	address = {New York, NY, USA},
	keywords = {evaluation, mixed-effects model, query intents, test collections},
} 
%%% Judge Selection %%%

@inproceedings{Chouldechova:2013,
	author = {Chouldechova, Alexandra and Mease, David},
	title = {Differences in Search Engine Evaluations Between Query Owners and Non-owners},
	booktitle = {Proceedings of the Sixth ACM International Conference on Web Search and Data Mining},
	series = {WSDM '13},
	year = {2013},
	isbn = {978-1-4503-1869-3},
	location = {Rome, Italy},
	pages = {103--112},
	numpages = {10},
	url = {http://doi.acm.org/10.1145/2433396.2433411},
	doi = {10.1145/2433396.2433411},
	acmid = {2433411},
	publisher = {ACM},
	address = {New York, NY, USA},
	keywords = {evaluation, experiment design, search engines, user queries},
} 

@inproceedings{Moraveji:2011,
	author = {Moraveji, Neema and Russell, Daniel and Bien, Jacob and Mease, David},
	title = {Measuring Improvement in User Search Performance Resulting from Optimal Search Tips},
	booktitle = {Proceedings of the 34th International ACM SIGIR Conference on Research and Development in Information Retrieval},
	series = {SIGIR '11},
	year = {2011},
	isbn = {978-1-4503-0757-4},
	location = {Beijing, China},
	pages = {355--364},
	numpages = {10},
	url = {http://doi.acm.org/10.1145/2009916.2009966},
	doi = {10.1145/2009916.2009966},
	acmid = {2009966},
	publisher = {ACM},
	address = {New York, NY, USA},
	keywords = {assistance, effectiveness measures, efficiency, experimental design, expertise, query reformulation, search interface, suggestions, tactics, tips, user studies},
} 

@inproceedings{Kazai:2013,
	author = {Kazai, Gabriella and Yilmaz, Emine and Craswell, Nick and Tahaghoghi, S.M.M.},
	title = {User Intent and Assessor Disagreement in Web Search Evaluation},
	booktitle = {Proceedings of the 22Nd ACM International Conference on Information \& Knowledge Management},
	series = {CIKM '13},
	year = {2013},
	isbn = {978-1-4503-2263-8},
	location = {San Francisco, California, USA},
	pages = {699--708},
	numpages = {10},
	url = {http://doi.acm.org/10.1145/2505515.2505716},
	doi = {10.1145/2505515.2505716},
	acmid = {2505716},
	publisher = {ACM},
	address = {New York, NY, USA},
	keywords = {click evidence, crowd vs editorial judges, single vs pairwise judging, user intent},
} 


%% Judging Unit %%%

@inproceedings{Golbus:2014:CDR,
	author = {Golbus, Peter B. and Zitouni, Imed and Kim, Jin Young and Hassan, Ahmed and Diaz, Fernando},
	title = {Contextual and Dimensional Relevance Judgments for Reusable SERP-level Evaluation},
	booktitle = {Proceedings of the 23rd International Conference on World Wide Web},
	series = {WWW '14},
	year = {2014},
	isbn = {978-1-4503-2744-2},
	location = {Seoul, Korea},
	pages = {131--142},
	numpages = {12},
	url = {http://doi.acm.org/10.1145/2566486.2568015},
	doi = {10.1145/2566486.2568015},
	acmid = {2568015},
	publisher = {ACM},
	address = {New York, NY, USA},
	keywords = {contextual relevance, evaluation, reusability},
} 


@inproceedings{Arguello:2011,
	author = {Arguello, Jaime and Diaz, Fernando and Callan, Jamie and Carterette, Ben},
	title = {A Methodology for Evaluating Aggregated Search Results},
	booktitle = {Proceedings of the 33rd European Conference on Advances in Information Retrieval},
	series = {ECIR'11},
	year = {2011},
	isbn = {978-3-642-20160-8},
	location = {Dublin, Ireland},
	pages = {141--152},
	numpages = {12},
	url = {http://dl.acm.org/citation.cfm?id=1996889.1996909},
	acmid = {1996909},
	publisher = {Springer-Verlag},
	address = {Berlin, Heidelberg},
} 


@inproceedings{Xu:2009,
	author = {Xu, Ya and Mease, David},
	title = {Evaluating Web Search Using Task Completion Time},
	booktitle = {Proceedings of the 32Nd International ACM SIGIR Conference on Research and Development in Information Retrieval},
	series = {SIGIR '09},
	year = {2009},
	isbn = {978-1-60558-483-6},
	location = {Boston, MA, USA},
	pages = {676--677},
	numpages = {2},
	url = {http://doi.acm.org/10.1145/1571941.1572073},
	doi = {10.1145/1571941.1572073},
	acmid = {1572073},
	publisher = {ACM},
	address = {New York, NY, USA},
	keywords = {evaluation metrics, experiment design, interactive ir and visualization, question answering},
} 


@inproceedings{Bailey2010,
 author = {Bailey, Peter and Craswell, Nick and White, Ryen W. and Chen, Liwei and Satyanarayana, Ashwin and Tahaghoghi, S. M.M.},
 title = {Evaluating search systems using result page context},
 booktitle = {Proceedings of the third symposium on Information interaction in context},
 series = {IIiX '10},
 year = {2010},
 isbn = {978-1-4503-0247-0},
 location = {New Brunswick, New Jersey, USA},
 pages = {105--114},
 numpages = {10},
 url = {http://doi.acm.org/10.1145/1840784.1840801},
 doi = {10.1145/1840784.1840801},
 acmid = {1840801},
 publisher = {ACM},
 address = {New York, NY, USA},
 keywords = {evaluation, measurement, web search relevance},
}

@inproceedings{CarteretteBCD08,
  author    = {Ben Carterette and
               Paul N. Bennett and
               David Maxwell Chickering and
               Susan T. Dumais},
  title     = {Here or There},
  booktitle = {ECIR},
  year      = {2008},
  pages     = {16-27},
  crossref  = {DBLP:conf/ecir/2008},
  bibsource = {DBLP, http://dblp.uni-trier.de}
}

@inproceedings{Sanderson2010,
 author = {Sanderson, Mark and Paramita, Monica Lestari and Clough, Paul and Kanoulas, Evangelos},
 title = {Do user preferences and evaluation measures line up?},
 booktitle = {Proceedings of the 33rd international ACM SIGIR},
 series = {SIGIR '10},
 year = {2010},
 isbn = {978-1-4503-0153-4},
 location = {Geneva, Switzerland},
 pages = {555--562},
 numpages = {8},
 doi = {10.1145/1835449.1835542},
 acmid = {1835542},
 publisher = {ACM},
 address = {New York, NY, USA},
 keywords = {evaluation measures, mechanical turk, user experiment},
}


@inproceedings{Radlinski:2008,
	author = {Radlinski, Filip and Kurup, Madhu and Joachims, Thorsten},
	title = {How Does Clickthrough Data Reflect Retrieval Quality?},
	booktitle = {Proceedings of the 17th ACM Conference on Information and Knowledge Management},
	series = {CIKM '08},
	year = {2008},
	isbn = {978-1-59593-991-3},
	location = {Napa Valley, California, USA},
	pages = {43--52},
	numpages = {10},
	url = {http://doi.acm.org/10.1145/1458082.1458092},
	doi = {10.1145/1458082.1458092},
	acmid = {1458092},
	publisher = {ACM},
	address = {New York, NY, USA},
	keywords = {clickthrough data, expert judgments, implicit feedback, retrieval evaluation},
} 


@inproceedings{Thomas2006,
 author = {Thomas, Paul and Hawking, David},
 title = {Evaluation by comparing result sets in context},
 booktitle = {Proceedings of the 15th ACM CIKM},
 series = {CIKM '06},
 year = {2006},
 isbn = {1-59593-433-2},
 location = {Arlington, Virginia, USA},
 pages = {94--101},
 numpages = {8},
 doi = {10.1145/1183614.1183632},
 acmid = {1183632},
 publisher = {ACM},
 address = {New York, NY, USA},
 keywords = {embedded comparisons, evaluation},
}

@inproceedings{Chandar2013,
	author = {Chandar, Praveen and Carterette, Ben},
	title = {Preference Based Evaluation Measures for Novelty and Diversity},
	booktitle = {Proceedings of the 36th International ACM SIGIR Conference on Research and Development in Information Retrieval},
	series = {SIGIR '13},
	year = {2013},
	isbn = {978-1-4503-2034-4},
	location = {Dublin, Ireland},
	pages = {413--422},
	numpages = {10},
	url = {http://doi.acm.org/10.1145/2484028.2484094},
	doi = {10.1145/2484028.2484094},
	acmid = {2484094},
	publisher = {ACM},
	address = {New York, NY, USA},
	keywords = {evaluation, novelty and diversity},
} 

@inproceedings{Kim:2013,
	author = {Kim, Jinyoung and Kazai, Gabriella and Zitouni, Imed},
	title = {Relevance Dimensions in Preference-based IR Evaluation},
	booktitle = {Proceedings of the 36th International ACM SIGIR Conference on Research and Development in Information Retrieval},
	series = {SIGIR '13},
	year = {2013},
	isbn = {978-1-4503-2034-4},
	location = {Dublin, Ireland},
	pages = {913--916},
	numpages = {4},
	url = {http://doi.acm.org/10.1145/2484028.2484168},
	doi = {10.1145/2484028.2484168},
	acmid = {2484168},
	publisher = {ACM},
	address = {New York, NY, USA},
	keywords = {diversity, relevance criteria, user preferences},
} 

@inproceedings{HassanAwadallah:2014,
	author = {Hassan Awadallah, Ahmed and Zitouni, Imed},
	title = {Machine-Assisted Search Preference Evaluation},
	booktitle = {Proceedings of the 23rd ACM International Conference on Conference on Information and Knowledge Management},
	series = {CIKM '14},
	year = {2014},
	isbn = {978-1-4503-2598-1},
	location = {Shanghai, China},
	pages = {51--60},
	numpages = {10},
	url = {http://doi.acm.org/10.1145/2661829.2661913},
	doi = {10.1145/2661829.2661913},
	acmid = {2661913},
	publisher = {ACM},
	address = {New York, NY, USA},
	keywords = {machine assisted evaluation, preference judgments, relevance prediction, user preferences},
} 

@inproceedings{KanoulasCCS11,
	author    = {Evangelos Kanoulas and
	Ben Carterette and
	Paul D. Clough and
	Mark Sanderson},
	title     = {Evaluating multi-query sessions},
	booktitle = {Proceeding of the 34th International {ACM} {SIGIR} Conference on Research
	and Development in Information Retrieval, {SIGIR} 2011, Beijing, China,
	July 25-29, 2011},
	pages     = {1053--1062},
	year      = {2011},
	url       = {http://doi.acm.org/10.1145/2009916.2010056},
	doi       = {10.1145/2009916.2010056},
	timestamp = {Wed, 10 Sep 2014 15:59:51 +0200},
	biburl    = {http://dblp.uni-trier.de/rec/bib/conf/sigir/KanoulasCCS11},
	bibsource = {dblp computer science bibliography, http://dblp.org}
}

@inproceedings{CarteretteKHC14,
	author    = {Ben Carterette and
	Evangelos Kanoulas and
	Mark M. Hall and
	Paul D. Clough},
	title     = {Overview of the {TREC} 2014 Session Track},
	booktitle = {Proceedings of The Twenty-Third Text REtrieval Conference, {TREC}
	2014, Gaithersburg, Maryland, USA, November 19-21, 2014},
	year      = {2014},
	url       = {http://trec.nist.gov/pubs/trec23/papers/overview-session.pdf},
	timestamp = {Thu, 09 Apr 2015 17:35:26 +0200},
	biburl    = {http://dblp.uni-trier.de/rec/bib/conf/trec/CarteretteKHC14},
	bibsource = {dblp computer science bibliography, http://dblp.org}
}


@inproceedings{Chandar:2012,
	author = {Chandar, Praveen and Carterette, Ben},
	title = {Using Preference Judgments for Novel Document Retrieval},
	booktitle = {Proceedings of the 35th International ACM SIGIR Conference on Research and Development in Information Retrieval},
	series = {SIGIR '12},
	year = {2012},
	isbn = {978-1-4503-1472-5},
	location = {Portland, Oregon, USA},
	pages = {861--870},
	numpages = {10},
	url = {http://doi.acm.org/10.1145/2348283.2348398},
	doi = {10.1145/2348283.2348398},
	acmid = {2348398},
	publisher = {ACM},
	address = {New York, NY, USA},
	keywords = {diversity, preference judgments, user study},
} 

@inproceedings{Ageev:2011,
	author = {Ageev, Mikhail and Guo, Qi and Lagun, Dmitry and Agichtein, Eugene},
	title = {Find It if You Can: A Game for Modeling Different Types of Web Search Success Using Interaction Data},
	booktitle = {Proceedings of the 34th International ACM SIGIR Conference on Research and Development in Information Retrieval},
	series = {SIGIR '11},
	year = {2011},
	isbn = {978-1-4503-0757-4},
	location = {Beijing, China},
	pages = {345--354},
	numpages = {10},
	url = {http://doi.acm.org/10.1145/2009916.2009965},
	doi = {10.1145/2009916.2009965},
	acmid = {2009965},
	publisher = {ACM},
	address = {New York, NY, USA},
	keywords = {query log analysis, user studies, web search success},
} 

@inproceedings{Hassan:2012,
	author = {Hassan, Ahmed},
	title = {A Semi-supervised Approach to Modeling Web Search Satisfaction},
	booktitle = {Proceedings of the 35th International ACM SIGIR Conference on Research and Development in Information Retrieval},
	series = {SIGIR '12},
	year = {2012},
	isbn = {978-1-4503-1472-5},
	location = {Portland, Oregon, USA},
	pages = {275--284},
	numpages = {10},
	url = {http://doi.acm.org/10.1145/2348283.2348323},
	doi = {10.1145/2348283.2348323},
	acmid = {2348323},
	publisher = {ACM},
	address = {New York, NY, USA},
	keywords = {search engine evaluation, semi-supervised learning, user behavior models},
} 

@inproceedings{Hassan:2010,
	author = {Hassan, Ahmed and Jones, Rosie and Klinkner, Kristina Lisa},
	title = {Beyond DCG: User Behavior As a Predictor of a Successful Search},
	booktitle = {Proceedings of the Third ACM International Conference on Web Search and Data Mining},
	series = {WSDM '10},
	year = {2010},
	isbn = {978-1-60558-889-6},
	location = {New York, New York, USA},
	pages = {221--230},
	numpages = {10},
	url = {http://doi.acm.org/10.1145/1718487.1718515},
	doi = {10.1145/1718487.1718515},
	acmid = {1718515},
	publisher = {ACM},
	address = {New York, NY, USA},
	keywords = {query log analysis, search engine evaluation, search sessions, user behavior models, user satisfaction},
} 

@inproceedings{Huffman:2007,
	author = {Huffman, Scott B. and Hochster, Michael},
	title = {How Well Does Result Relevance Predict Session Satisfaction?},
	booktitle = {Proceedings of the 30th Annual International ACM SIGIR Conference on Research and Development in Information Retrieval},
	series = {SIGIR '07},
	year = {2007},
	isbn = {978-1-59593-597-7},
	location = {Amsterdam, The Netherlands},
	pages = {567--574},
	numpages = {8},
	url = {http://doi.acm.org/10.1145/1277741.1277839},
	doi = {10.1145/1277741.1277839},
	acmid = {1277839},
	publisher = {ACM},
	address = {New York, NY, USA},
	keywords = {precision, relevance metrics, search evaluation, user satisfaction},
} 


%%% Judging Interface Design %%%

@inproceedings{Shokouhi:2015,
	author = {Shokouhi, Milad and White, Ryen and Yilmaz, Emine},
	title = {Anchoring and Adjustment in Relevance Estimation},
	booktitle = {Proceedings of the 38th International ACM SIGIR Conference on Research and Development in Information Retrieval},
	series = {SIGIR '15},
	year = {2015},
	isbn = {978-1-4503-3621-5},
	location = {Santiago, Chile},
	pages = {963--966},
	numpages = {4},
	url = {http://doi.acm.org/10.1145/2766462.2767841},
	doi = {10.1145/2766462.2767841},
	acmid = {2767841},
	publisher = {ACM},
	address = {New York, NY, USA},
	keywords = {anchoring, implicit relevance labels, offline evaluation, priming},
} 

@inproceedings{Turpin2015,
	author = {Turpin, Andrew and Scholer, Falk and Mizzaro, Stefano and Maddalena, Eddy},
	title = {The Benefits of Magnitude Estimation Relevance Assessments for Information Retrieval Evaluation},
	booktitle = {Proceedings of the 38th International ACM SIGIR Conference on Research and Development in Information Retrieval},
	series = {SIGIR '15},
	year = {2015},
	isbn = {978-1-4503-3621-5},
	location = {Santiago, Chile},
	pages = {565--574},
	numpages = {10},
	url = {http://doi.acm.org/10.1145/2766462.2767760},
	doi = {10.1145/2766462.2767760},
	acmid = {2767760},
	publisher = {ACM},
	address = {New York, NY, USA},
	keywords = {evaluation, magnitude estimation, relevance, relevance assessments},
}

@inproceedings{Scholer:2013,
	author = {Scholer, Falk and Kelly, Diane and Wu, Wan-Ching and Lee, Hanseul S. and Webber, William},
	title = {The Effect of Threshold Priming and Need for Cognition on Relevance Calibration and Assessment},
	booktitle = {Proceedings of the 36th International ACM SIGIR Conference on Research and Development in Information Retrieval},
	series = {SIGIR '13},
	year = {2013},
	isbn = {978-1-4503-2034-4},
	location = {Dublin, Ireland},
	pages = {623--632},
	numpages = {10},
	url = {http://doi.acm.org/10.1145/2484028.2484090},
	doi = {10.1145/2484028.2484090},
	acmid = {2484090},
	publisher = {ACM},
	address = {New York, NY, USA},
	keywords = {assessors, calibration, evaluation, need for cognition, order effects, relevance assessments, relevance behavior, threshold priming},
} 

@inproceedings{Villa:2013,
	author = {Villa, Robert and Halvey, Martin},
	title = {Is Relevance Hard Work?: Evaluating the Effort of Making Relevant Assessments},
	booktitle = {Proceedings of the 36th International ACM SIGIR Conference on Research and Development in Information Retrieval},
	series = {SIGIR '13},
	year = {2013},
	isbn = {978-1-4503-2034-4},
	location = {Dublin, Ireland},
	pages = {765--768},
	numpages = {4},
	url = {http://doi.acm.org/10.1145/2484028.2484150},
	doi = {10.1145/2484028.2484150},
	acmid = {2484150},
	publisher = {ACM},
	address = {New York, NY, USA},
	keywords = {relevance, user models, user studies},
} 

%%%%% Beyond Relevance & Web %%%%%

@inproceedings{Mao:2016,
	author = {Mao, Jiaxin and Liu, Yiqun and Zhou, Ke and Nie, Jian-Yun and Song, Jingtao and Zhang, Min and Ma, Shaoping and Sun, Jiashen and Luo, Hengliang},
	title = {When Does Relevance Mean Usefulness and User Satisfaction in Web Search?},
	booktitle = {Proceedings of the 39th International ACM SIGIR Conference on Research and Development in Information Retrieval},
	series = {SIGIR '16},
	year = {2016},
	isbn = {978-1-4503-4069-4},
	location = {Pisa, Italy},
	pages = {463--472},
	numpages = {10},
	url = {http://doi.acm.org/10.1145/2911451.2911507},
	doi = {10.1145/2911451.2911507},
	acmid = {2911507},
	publisher = {ACM},
	address = {New York, NY, USA},
	keywords = {evaluation, relevance, usefulness, user satisfaction},
} 

@inproceedings{VermaYC16,
	author    = {Manisha Verma and
	Emine Yilmaz and
	Nick Craswell},
	title     = {On Obtaining Effort Based Judgments for Information Retrieval},
	booktitle = {Proceedings of the Ninth {ACM} International Conference on Web Search
	and Data Mining, San Francisco, CA, USA, February 22-25, 2016},
	pages     = {277--286},
	year      = {2016},
	url       = {http://doi.acm.org/10.1145/2835776.2835840},
	doi       = {10.1145/2835776.2835840},
	timestamp = {Mon, 08 Feb 2016 15:38:27 +0100},
	biburl    = {http://dblp.uni-trier.de/rec/bib/conf/wsdm/VermaYC16},
	bibsource = {dblp computer science bibliography, http://dblp.org}
}

@inproceedings{VermaY16,
	author    = {Manisha Verma and
	Emine Yilmaz},
	title     = {Characterizing Relevance on Mobile and Desktop},
	booktitle = {Advances in Information Retrieval - 38th European Conference on {IR}
	Research, {ECIR} 2016, Padua, Italy, March 20-23, 2016. Proceedings},
	pages     = {212--223},
	year      = {2016},
	url       = {http://dx.doi.org/10.1007/978-3-319-30671-1_16},
	doi       = {10.1007/978-3-319-30671-1_16},
	timestamp = {Fri, 11 Mar 2016 14:07:43 +0100},
	biburl    = {http://dblp.uni-trier.de/rec/bib/conf/ecir/VermaY16},
	bibsource = {dblp computer science bibliography, http://dblp.org}
}



@inproceedings{Yilmaz:2014,
	author = {Yilmaz, Emine and Verma, Manisha and Craswell, Nick and Radlinski, Filip and Bailey, Peter},
	title = {Relevance and Effort: An Analysis of Document Utility},
	booktitle = {Proceedings of the 23rd ACM International Conference on Conference on Information and Knowledge Management},
	series = {CIKM '14},
	year = {2014},
	isbn = {978-1-4503-2598-1},
	location = {Shanghai, China},
	pages = {91--100},
	numpages = {10},
	url = {http://doi.acm.org/10.1145/2661829.2661953},
	doi = {10.1145/2661829.2661953},
	acmid = {2661953},
	publisher = {ACM},
	address = {New York, NY, USA},
	keywords = {effort, relevance assesments, user behaviour},
} 

@inproceedings{Zhou:2012,
	author = {Zhou, Ke and Cummins, Ronan and Lalmas, Mounia and Jose, Joemon M.},
	title = {Evaluating Aggregated Search Pages},
	booktitle = {Proceedings of the 35th International ACM SIGIR Conference on Research and Development in Information Retrieval},
	series = {SIGIR '12},
	year = {2012},
	isbn = {978-1-4503-1472-5},
	location = {Portland, Oregon, USA},
	pages = {115--124},
	numpages = {10},
	url = {http://doi.acm.org/10.1145/2348283.2348302},
	doi = {10.1145/2348283.2348302},
	acmid = {2348302},
	publisher = {ACM},
	address = {New York, NY, USA},
	keywords = {aggregated search, diversity, evaluation, performance metric},
} 

@inproceedings{Kiseleva:2016,
	author = {Kiseleva, Julia and Williams, Kyle and Hassan Awadallah, Ahmed and Crook, Aidan C. and Zitouni, Imed and Anastasakos, Tasos},
	title = {Predicting User Satisfaction with Intelligent Assistants},
	booktitle = {Proceedings of the 39th International ACM SIGIR Conference on Research and Development in Information Retrieval},
	series = {SIGIR '16},
	year = {2016},
	isbn = {978-1-4503-4069-4},
	location = {Pisa, Italy},
	pages = {45--54},
	numpages = {10},
	url = {http://doi.acm.org/10.1145/2911451.2911521},
	doi = {10.1145/2911451.2911521},
	acmid = {2911521},
	publisher = {ACM},
	address = {New York, NY, USA},
	keywords = {intelligent assistant, mobile search, spoken dialogue system, user experience, user satisfaction, user study},
} 
@inproceedings{Moffat15,
	author = {Alistair Moffat and Peter Bailey and Falk Scholer and Paul Thomas},
	title = {{INST}: An adaptive metric for information retrieval evaluation},
	booktitle = {Proceedings of the Australasian Document Computing Symposium},
	year = {2015}
}

@inproceedings{Moffat2013,
	author = {Moffat, Alistair and Thomas, Paul and Scholer, Falk},
	title = {Users Versus Models: What Observation Tells Us About Effectiveness Metrics},
	booktitle = {Proceedings of the 22Nd ACM International Conference on Information \& Knowledge Management},
	series = {CIKM '13},
	year = {2013},
	isbn = {978-1-4503-2263-8},
	location = {San Francisco, California, USA},
	pages = {659--668},
	numpages = {10},
	url = {http://doi.acm.org/10.1145/2505515.2507665},
	doi = {10.1145/2505515.2507665},
	acmid = {2507665},
	publisher = {ACM},
	address = {New York, NY, USA},
	keywords = {evaluation, retrieval experiment, system measurement},
} 

@article{Moffat08,
	author = {Alistair Moffat and Justin Zobel},
	title = {Rank-biased precision for measurement of retrieval effectiveness},
	journal = {ACM Transactions on Information Systems},
	volume = {27},
	number = {1},
	note = {paper 2},
	year = {2008}
}

@inproceedings{radl:comp10,
	author    = {Filip Radlinski and
	Nick Craswell},
	title     = {Comparing the sensitivity of Information Retrieval metrics},
	booktitle = {SIGIR},
	year      = {2010},
	pages     = {667-674},
	ee        = {http://doi.acm.org/10.1145/1835449.1835560},
	crossref  = {DBLP:conf/sigir/2010},
	bibsource = {DBLP, http://dblp.uni-trier.de}
}

@article {cooper73selecting,
	author = {Cooper, William S.},
	title = {On selecting a measure of retrieval effectiveness},
	journal = {Journal of the American Society for Information Science},
	volume = {24},
	number = {2},
	publisher = {Wiley Subscription Services, Inc., A Wiley Company},
	issn = {1097-4571},
	url = {http://dx.doi.org/10.1002/asi.4630240204},
	doi = {10.1002/asi.4630240204},
	pages = {87--100},
	year = {1973},
}

@inproceedings{kanoulas2011evaluating,
	title={Evaluating multi-query sessions},
	author={Kanoulas, Evangelos and Carterette, Ben and Clough, Paul D and Sanderson, Mark},
	booktitle={Proceedings of the 34th international ACM SIGIR conference on Research and development in Information Retrieval},
	pages={1053--1062},
	year={2011},
	organization={ACM}
}

@Inbook{JÃ¤rvelin2008,
	author="J{\"a}rvelin, Kalervo
	and Price, Susan L.
	and Delcambre, Lois M. L.
	and Nielsen, Marianne Lykke",
	editor="Macdonald, Craig
	and Ounis, Iadh
	and Plachouras, Vassilis
	and Ruthven, Ian
	and White, Ryen W.",
	chapter="Discounted Cumulated Gain Based Evaluation of Multiple-Query IR Sessions",
	title="Advances in Information Retrieval: 30th European Conference on IR Research, ECIR 2008, Glasgow, UK, March 30-April 3, 2008. Proceedings",
	year="2008",
	publisher="Springer Berlin Heidelberg",
	address="Berlin, Heidelberg",
	pages="4--15",
	isbn="978-3-540-78646-7",
	doi="10.1007/978-3-540-78646-7_4",
	url="http://dx.doi.org/10.1007/978-3-540-78646-7_4"
}

@article{Jarvelin:2002,
	author = {J\"{a}rvelin, Kalervo and Kek\"{a}l\"{a}inen, Jaana},
	title = {Cumulated Gain-based Evaluation of IR Techniques},
	journal = {ACM Trans. Inf. Syst.},
	issue_date = {October 2002},
	volume = {20},
	number = {4},
	month = oct,
	year = {2002},
	issn = {1046-8188},
	pages = {422--446},
	numpages = {25},
	url = {http://doi.acm.org/10.1145/582415.582418},
	doi = {10.1145/582415.582418},
	acmid = {582418},
	publisher = {ACM},
	address = {New York, NY, USA},
	keywords = {Graded relevance judgments, cumulated gain},
} 



@inproceedings{ChapelleMZG09,
	author    = {Olivier Chapelle and
	Donald Metlzer and
	Ya Zhang and
	Pierre Grinspan},
	title     = {Expected reciprocal rank for graded relevance},
	booktitle = {Proceedings of the 18th {ACM} Conference on Information and Knowledge
	Management, {CIKM} 2009, Hong Kong, China, November 2-6, 2009},
	pages     = {621--630},
	year      = {2009},
	url       = {http://doi.acm.org/10.1145/1645953.1646033},
	doi       = {10.1145/1645953.1646033},
	timestamp = {Tue, 17 Nov 2009 10:23:08 +0100},
	biburl    = {http://dblp.uni-trier.de/rec/bib/conf/cikm/ChapelleMZG09},
	bibsource = {dblp computer science bibliography, http://dblp.org}
}



@inproceedings{YilmazSCR10,
	author    = {Emine Yilmaz and
	Milad Shokouhi and
	Nick Craswell and
	Stephen Robertson},
	title     = {Expected browsing utility for web search evaluation},
	booktitle = {Proceedings of the 19th {ACM} Conference on Information and Knowledge
	Management, {CIKM} 2010, Toronto, Ontario, Canada, October 26-30,
	2010},
	pages     = {1561--1564},
	year      = {2010},
	url       = {http://doi.acm.org/10.1145/1871437.1871672},
	doi       = {10.1145/1871437.1871672},
	timestamp = {Mon, 03 Jan 2011 15:20:57 +0100},
	biburl    = {http://dblp.uni-trier.de/rec/bib/conf/cikm/YilmazSCR10},
	bibsource = {dblp computer science bibliography, http://dblp.org}
}


@inproceedings{Carterette:2012,
	author = {Carterette, Ben and Kanoulas, Evangelos and Yilmaz, Emine},
	title = {Incorporating Variability in User Behavior into Systems Based Evaluation},
	booktitle = {Proceedings of the 21st ACM International Conference on Information and Knowledge Management},
	series = {CIKM '12},
	year = {2012},
	isbn = {978-1-4503-1156-4},
	location = {Maui, Hawaii, USA},
	pages = {135--144},
	numpages = {10},
	url = {http://doi.acm.org/10.1145/2396761.2396782},
	doi = {10.1145/2396761.2396782},
	acmid = {2396782},
	publisher = {ACM},
	address = {New York, NY, USA},
	keywords = {evaluation, test collections, user logs},
} 

@inproceedings{CarteretteKY11,
	author    = {Ben Carterette and
	Evangelos Kanoulas and
	Emine Yilmaz},
	title     = {Simulating simple user behavior for system effectiveness evaluation},
	booktitle = {Proceedings of the 20th {ACM} Conference on Information and Knowledge
	Management, {CIKM} 2011, Glasgow, United Kingdom, October 24-28, 2011},
	pages     = {611--620},
	year      = {2011},
	url       = {http://doi.acm.org/10.1145/2063576.2063668},
	doi       = {10.1145/2063576.2063668},
	timestamp = {Fri, 11 Nov 2011 19:52:08 +0100},
	biburl    = {http://dblp.uni-trier.de/rec/bib/conf/cikm/CarteretteKY11},
	bibsource = {dblp computer science bibliography, http://dblp.org}
}

@inproceedings{Carterette:2011:SEU,
	author = {Carterette, Ben},
	title = {System Effectiveness, User Models, and User Utility: A Conceptual Framework for Investigation},
	booktitle = {Proceedings of the 34th International ACM SIGIR Conference on Research and Development in Information Retrieval},
	series = {SIGIR '11},
	year = {2011},
	isbn = {978-1-4503-0757-4},
	location = {Beijing, China},
	pages = {903--912},
	numpages = {10},
	url = {http://doi.acm.org/10.1145/2009916.2010037},
	doi = {10.1145/2009916.2010037},
	acmid = {2010037},
	publisher = {ACM},
	address = {New York, NY, USA},
	keywords = {evaluation, information retrieval, user models},
} 

%%% Significance and Power

@inproceedings{Sakai:2016,
	author = {Sakai, Tetsuya},
	title = {Statistical Significance, Power, and Sample Sizes: A Systematic Review of SIGIR and TOIS, 2006-2015},
	booktitle = {Proceedings of the 39th International ACM SIGIR Conference on Research and Development in Information Retrieval},
	series = {SIGIR '16},
	year = {2016},
	isbn = {978-1-4503-4069-4},
	location = {Pisa, Italy},
	pages = {5--14},
	numpages = {10},
	url = {http://doi.acm.org/10.1145/2911451.2911492},
	doi = {10.1145/2911451.2911492},
	acmid = {2911492},
	publisher = {ACM},
	address = {New York, NY, USA},
	keywords = {effect sizes, evaluation, power analysis, sample sizes, statistical power, statistical significance, systematic review},
} 


@inproceedings{Dincer:2014,
 author = {Din\c{c}er, B. Taner and Macdonald, Craig and Ounis, Iadh},
 title = {Hypothesis Testing for the Risk-sensitive Evaluation of Retrieval Systems},
 booktitle = {Proceedings of the 37th International ACM SIGIR Conference on Research \&\#38; Development in Information Retrieval},
 series = {SIGIR '14},
 year = {2014},
 isbn = {978-1-4503-2257-7},
 location = {Gold Coast, Queensland, Australia},
 pages = {23--32},
 numpages = {10},
 url = {http://doi.acm.org/10.1145/2600428.2609625},
 doi = {10.1145/2600428.2609625},
 acmid = {2609625},
 publisher = {ACM},
 address = {New York, NY, USA},
 keywords = {risk-sensitive evaluation, student's t test},
} 


@inproceedings{Ferro:2016:GLM,
	author = {Ferro, Nicola and Silvello, Gianmaria},
	title = {A General Linear Mixed Models Approach to Study System Component Effects},
	booktitle = {Proceedings of the 39th International ACM SIGIR Conference on Research and Development in Information Retrieval},
	series = {SIGIR '16},
	year = {2016},
	isbn = {978-1-4503-4069-4},
	location = {Pisa, Italy},
	pages = {25--34},
	numpages = {10},
	url = {http://doi.acm.org/10.1145/2911451.2911530},
	doi = {10.1145/2911451.2911530},
	acmid = {2911530},
	publisher = {ACM},
	address = {New York, NY, USA},
	keywords = {component effects, component-based evaluation, generalized linear mixed models, grid of points},
} 


@inproceedings{Urbano:2013,
	author = {Urbano, Juli\'{a}n and Marrero, M\'{o}nica and Mart\'{\i}n, Diego},
	title = {On the Measurement of Test Collection Reliability},
	booktitle = {Proceedings of the 36th International ACM SIGIR Conference on Research and Development in Information Retrieval},
	series = {SIGIR '13},
	year = {2013},
	isbn = {978-1-4503-2034-4},
	location = {Dublin, Ireland},
	pages = {393--402},
	numpages = {10},
	url = {http://doi.acm.org/10.1145/2484028.2484038},
	doi = {10.1145/2484028.2484038},
	acmid = {2484038},
	publisher = {ACM},
	address = {New York, NY, USA},
	keywords = {evaluation, generalizability theory, reliability, test collection, trec},
} 

@inproceedings{Boytsov:2013,
	author = {Boytsov, Leonid and Belova, Anna and Westfall, Peter},
	title = {Deciding on an Adjustment for Multiplicity in IR Experiments},
	booktitle = {Proceedings of the 36th International ACM SIGIR Conference on Research and Development in Information Retrieval},
	series = {SIGIR '13},
	year = {2013},
	isbn = {978-1-4503-2034-4},
	location = {Dublin, Ireland},
	pages = {403--412},
	numpages = {10},
	url = {http://doi.acm.org/10.1145/2484028.2484034},
	doi = {10.1145/2484028.2484034},
	acmid = {2484034},
	publisher = {ACM},
	address = {New York, NY, USA},
	keywords = {holm-bonferroni, maxt, multiple comparisons, permutation test, randomization test, statistical significance, t-test},
} 

@inproceedings{Zhou:2013,
	author = {Zhou, Ke and Lalmas, Mounia and Sakai, Tetsuya and Cummins, Ronan and Jose, Joemon M.},
	title = {On the Reliability and Intuitiveness of Aggregated Search Metrics},
	booktitle = {Proceedings of the 22Nd ACM International Conference on Information \& Knowledge Management},
	series = {CIKM '13},
	year = {2013},
	isbn = {978-1-4503-2263-8},
	location = {San Francisco, California, USA},
	pages = {689--698},
	numpages = {10},
	url = {http://doi.acm.org/10.1145/2505515.2505691},
	doi = {10.1145/2505515.2505691},
	acmid = {2505691},
	publisher = {ACM},
	address = {New York, NY, USA},
	keywords = {aggregated search, discriminative power, diversity, evaluation, intuitiveness, metric, reliability},
} 

@inproceedings{Sakai:2014,
	author = {Sakai, Tetsuya},
	title = {Designing Test Collections for Comparing Many Systems},
	booktitle = {Proceedings of the 23rd ACM International Conference on Conference on Information and Knowledge Management},
	series = {CIKM '14},
	year = {2014},
	isbn = {978-1-4503-2598-1},
	location = {Shanghai, China},
	pages = {61--70},
	numpages = {10},
	url = {http://doi.acm.org/10.1145/2661829.2661893},
	doi = {10.1145/2661829.2661893},
	acmid = {2661893},
	publisher = {ACM},
	address = {New York, NY, USA},
	keywords = {effect sizes, evaluation, evaluation measures, power, sample sizes, statistical significance, test collections, variances},
} 

@inproceedings{Robertson:2012,
	author = {Robertson, Stephen E. and Kanoulas, Evangelos},
	title = {On Per-topic Variance in IR Evaluation},
	booktitle = {Proceedings of the 35th International ACM SIGIR Conference on Research and Development in Information Retrieval},
	series = {SIGIR '12},
	year = {2012},
	isbn = {978-1-4503-1472-5},
	location = {Portland, Oregon, USA},
	pages = {891--900},
	numpages = {10},
	url = {http://doi.acm.org/10.1145/2348283.2348402},
	doi = {10.1145/2348283.2348402},
	acmid = {2348402},
	publisher = {ACM},
	address = {New York, NY, USA},
	keywords = {evaluation, information retrieval, mixed-effects model, significance testing, simulation, statistical precision},
} 

@inproceedings{Hosseini:2012,
	author = {Hosseini, Mehdi and Cox, Ingemar J. and Milic-Frayling, Natasa and Shokouhi, Milad and Yilmaz, Emine},
	title = {An Uncertainty-aware Query Selection Model for Evaluation of IR Systems},
	booktitle = {Proceedings of the 35th International ACM SIGIR Conference on Research and Development in Information Retrieval},
	series = {SIGIR '12},
	year = {2012},
	isbn = {978-1-4503-1472-5},
	location = {Portland, Oregon, USA},
	pages = {901--910},
	numpages = {10},
	url = {http://doi.acm.org/10.1145/2348283.2348403},
	doi = {10.1145/2348283.2348403},
	acmid = {2348403},
	publisher = {ACM},
	address = {New York, NY, USA},
	keywords = {information retrieval, query selection, test collection},
} 

@inproceedings{SmuckerAC09,
  author    = {Mark D. Smucker and
               James Allan and
               Ben Carterette},
  title     = {Agreement among statistical significance tests for information retrieval
               evaluation at varying sample sizes},
  booktitle = {Proceedings of the 32nd Annual International {ACM} {SIGIR} Conference
               on Research and Development in Information Retrieval, {SIGIR} 2009,
               Boston, MA, USA, July 19-23, 2009},
  pages     = {630--631},
  year      = {2009},
  url       = {http://doi.acm.org/10.1145/1571941.1572050},
  doi       = {10.1145/1571941.1572050},
  timestamp = {Mon, 27 Jul 2009 15:07:47 +0200},
  biburl    = {http://dblp.uni-trier.de/rec/bib/conf/sigir/SmuckerAC09},
  bibsource = {dblp computer science bibliography, http://dblp.org}
}

@inproceedings{AslamYP05,
  author    = {Javed A. Aslam and
               Emine Yilmaz and
               Virgiliu Pavlu},
  title     = {The maximum entropy method for analyzing retrieval measures},
  booktitle = {{SIGIR} 2005: Proceedings of the 28th Annual International {ACM} {SIGIR}
               Conference on Research and Development in Information Retrieval, Salvador,
               Brazil, August 15-19, 2005},
  pages     = {27--34},
  year      = {2005},
  url       = {http://doi.acm.org/10.1145/1076034.1076042},
  doi       = {10.1145/1076034.1076042},
  timestamp = {Fri, 10 Feb 2006 15:58:32 +0100},
  biburl    = {http://dblp.uni-trier.de/rec/bib/conf/sigir/AslamYP05},
  bibsource = {dblp computer science bibliography, http://dblp.org}
}


@inproceedings{CarterettePKAA09,
  author    = {Ben Carterette and
               Virgiliu Pavlu and
               Evangelos Kanoulas and
               Javed A. Aslam and
               James Allan},
  title     = {If {I} Had a Million Queries},
  booktitle = {Advances in Information Retrieval, 31th European Conference on {IR}
               Research, {ECIR} 2009, Toulouse, France, April 6-9, 2009. Proceedings},
  pages     = {288--300},
  year      = {2009},
  crossref  = {DBLP:conf/ecir/2009},
  url       = {http://dx.doi.org/10.1007/978-3-642-00958-7_27},
  doi       = {10.1007/978-3-642-00958-7_27},
  timestamp = {Thu, 23 Apr 2009 20:28:45 +0200},
  biburl    = {http://dblp.uni-trier.de/rec/bib/conf/ecir/CarterettePKAA09},
  bibsource = {dblp computer science bibliography, http://dblp.org}
}

@inproceedings{CarterettePFK09,
  author    = {Ben Carterette and
               Virgiliu Pavlu and
               Hui Fang and
               Evangelos Kanoulas},
  title     = {Million Query Track 2009 Overview},
  booktitle = {Proceedings of The Eighteenth Text REtrieval Conference, {TREC} 2009,
               Gaithersburg, Maryland, USA, November 17-20, 2009},
  year      = {2009},
  crossref  = {DBLP:conf/trec/2009},
  url       = {http://trec.nist.gov/pubs/trec18/papers/MQ09OVERVIEW.pdf},
  timestamp = {Tue, 07 Apr 2015 13:04:04 +0200},
  biburl    = {http://dblp.uni-trier.de/rec/bib/conf/trec/CarterettePFK09},
  bibsource = {dblp computer science bibliography, http://dblp.org}
}

%%%%% Learning-to-rank

@inproceedings{YilmazR09,
  author    = {Emine Yilmaz and
               Stephen Robertson},
  title     = {Deep versus shallow judgments in learning to rank},
  booktitle = {Proceedings of the 32nd Annual International {ACM} {SIGIR} Conference
               on Research and Development in Information Retrieval, {SIGIR} 2009,
               Boston, MA, USA, July 19-23, 2009},
  pages     = {662--663},
  year      = {2009},
  url       = {http://doi.acm.org/10.1145/1571941.1572066},
  doi       = {10.1145/1571941.1572066},
  timestamp = {Mon, 27 Jul 2009 15:07:47 +0200},
  biburl    = {http://dblp.uni-trier.de/rec/bib/conf/sigir/YilmazR09},
  bibsource = {dblp computer science bibliography, http://dblp.org}
}

@inproceedings{Ustinovskiy:20161,
	author = {Ustinovskiy, Yury and Fedorova, Valentina and Gusev, Gleb and Serdyukov, Pavel},
	title = {An Optimization Framework for Remapping and Reweighting Noisy Relevance Labels},
	booktitle = {Proceedings of the 39th International ACM SIGIR Conference on Research and Development in Information Retrieval},
	series = {SIGIR '16},
	year = {2016},
	isbn = {978-1-4503-4069-4},
	location = {Pisa, Italy},
	pages = {105--114},
	numpages = {10},
	url = {http://doi.acm.org/10.1145/2911451.2911501},
	doi = {10.1145/2911451.2911501},
	acmid = {2911501},
	publisher = {ACM},
	address = {New York, NY, USA},
	keywords = {IR theory, consensus models, learning to rank},
} 


@incollection{gunawardana2015evaluating,
	title={Evaluating Recommender Systems},
	author={Gunawardana, Asela and Shani, Guy},
	booktitle={Recommender Systems Handbook},
	pages={265--308},
	year={2015},
	publisher={Springer}
}

@article{Gomez-Uribe2015,
	author = {Gomez-Uribe, Carlos A. and Hunt, Neil},
	title = {The Netflix Recommender System: Algorithms, Business Value, and Innovation},
	journal = {ACM Trans. Manage. Inf. Syst.},
	issue_date = {January 2016},
	volume = {6},
	number = {4},
	month = dec,
	year = {2015},
	issn = {2158-656X},
	pages = {13:1--13:19},
	articleno = {13},
	numpages = {19},
	url = {http://doi.acm.org/10.1145/2843948},
	doi = {10.1145/2843948},
	acmid = {2843948},
	publisher = {ACM},
	address = {New York, NY, USA},
	keywords = {Recommender systems},
} 

@inproceedings{43224,
	title = {Towards better measurement of attention and satisfaction in mobile search},
	author  = {Dmitry Lagun and Dale Webster and Chih-Hung Hsieh and Vidhya Navalpakkam},
	year  = 2014,
	booktitle = {SIGIR '14 Proceedings of the 37th international ACM SIGIR conference on Research & development in information retrieval},
	pages = {113-122}
}

@inproceedings{43887,
	title = {Focus on the Long-Term: It's better for Users and Business},
	author  = {Henning Hohnhold and Deirdre O'Brien and Diane Tang},
	year  = 2015,
	URL = {http://dl.acm.org/citation.cfm?doid=2783258.2788583},
	booktitle = {Proceedings 21st Conference on Knowledge Discovery and Data Mining},
	address = {Sydney, Australia}
}

@inproceedings{42022,
	title = {Quizz: Targeted Crowdsourcing with a Billion (Potential) Users},
	author  = {Panos Ipeirotis and Evgeniy Gabrilovich},
	year  = 2014,
	booktitle = {WWW}
}

@inproceedings{Fiore:2014:IPO:2556288.2557418,
	author = {Fiore, Andrew T. and Cheshire, Coye and Shaw Taylor, Lindsay and Mendelsohn, G.A.},
	title = {Incentives to Participate in Online Research: An Experimental Examination of "Surprise" Incentives},
	booktitle = {Proceedings of the SIGCHI Conference on Human Factors in Computing Systems},
	series = {CHI '14},
	year = {2014},
	isbn = {978-1-4503-2473-1},
	location = {Toronto, Ontario, Canada},
	pages = {3433--3442},
	numpages = {10},
	url = {http://doi.acm.org/10.1145/2556288.2557418},
	doi = {10.1145/2556288.2557418},
	acmid = {2557418},
	publisher = {ACM},
	address = {New York, NY, USA},
	keywords = {incentives, motivation, online research recruitment},
} 


%%% Beyond Web Relevance

@inproceedings{Kharitonov:2013:UMM:2484028.2484041,
	author = {Kharitonov, Eugene and Macdonald, Craig and Serdyukov, Pavel and Ounis, Iadh},
	title = {User Model-based Metrics for Offline Query Suggestion Evaluation},
	booktitle = {Proceedings of the 36th International ACM SIGIR Conference on Research and Development in Information Retrieval},
	series = {SIGIR '13},
	year = {2013},
	isbn = {978-1-4503-2034-4},
	location = {Dublin, Ireland},
	pages = {633--642},
	numpages = {10},
	url = {http://doi.acm.org/10.1145/2484028.2484041},
	doi = {10.1145/2484028.2484041},
	acmid = {2484041},
	publisher = {ACM},
	address = {New York, NY, USA},
	keywords = {evaluation measures, query suggestions, user models},
} 

@inproceedings{Baruah2015,
	author = {Baruah, Gaurav and Smucker, Mark D. and Clarke, Charles L.A.},
	title = {Evaluating Streams of Evolving News Events},
	booktitle = {Proceedings of the 38th International ACM SIGIR Conference on Research and Development in Information Retrieval},
	series = {SIGIR '15},
	year = {2015},
	isbn = {978-1-4503-3621-5},
	location = {Santiago, Chile},
	pages = {675--684},
	numpages = {10},
	url = {http://doi.acm.org/10.1145/2766462.2767751},
	doi = {10.1145/2766462.2767751},
	acmid = {2767751},
	publisher = {ACM},
	address = {New York, NY, USA},
	keywords = {evaluation, search, streams},
}

@inproceedings{Wang2015,
	author = {Wang, Yulu and Sherman, Garrick and Lin, Jimmy and Efron, Miles},
	title = {Assessor Differences and User Preferences in Tweet Timeline Generation},
	booktitle = {Proceedings of the 38th International ACM SIGIR Conference on Research and Development in Information Retrieval},
	series = {SIGIR '15},
	year = {2015},
	isbn = {978-1-4503-3621-5},
	location = {Santiago, Chile},
	pages = {615--624},
	numpages = {10},
	url = {http://doi.acm.org/10.1145/2766462.2767699},
	doi = {10.1145/2766462.2767699},
	acmid = {2767699},
	publisher = {ACM},
	address = {New York, NY, USA},
	keywords = {microblog search, trec evaluation, user study},
}

@inproceedings{Shah:2010:EPA:1835449.1835518,
	author = {Shah, Chirag and Pomerantz, Jefferey},
	title = {Evaluating and Predicting Answer Quality in Community QA},
	booktitle = {Proceedings of the 33rd International ACM SIGIR Conference on Research and Development in Information Retrieval},
	series = {SIGIR '10},
	year = {2010},
	isbn = {978-1-4503-0153-4},
	location = {Geneva, Switzerland},
	pages = {411--418},
	numpages = {8},
	url = {http://doi.acm.org/10.1145/1835449.1835518},
	doi = {10.1145/1835449.1835518},
	acmid = {1835518},
	publisher = {ACM},
	address = {New York, NY, USA},
	keywords = {answer quality evaluation and prediction, community question answering},
} 

@inproceedings{Amigo:2013:GEM:2484028.2484081,
	author = {Amig\'{o}, Enrique and Gonzalo, Julio and Verdejo, Felisa},
	title = {A General Evaluation Measure for Document Organization Tasks},
	booktitle = {Proceedings of the 36th International ACM SIGIR Conference on Research and Development in Information Retrieval},
	series = {SIGIR '13},
	year = {2013},
	isbn = {978-1-4503-2034-4},
	location = {Dublin, Ireland},
	pages = {643--652},
	numpages = {10},
	url = {http://doi.acm.org/10.1145/2484028.2484081},
	doi = {10.1145/2484028.2484081},
	acmid = {2484081},
	publisher = {ACM},
	address = {New York, NY, USA},
	keywords = {effectiveness measures},
} 

