

@article{borlund2003,
	address = {New York, NY, USA},
	author = {Borlund, Pia},
	day = {7},
	issn = {1532-2882},
	journal = {Journal of the American Society for Information Science and Technology},
	month = {May},
	number = {10},
	pages = {913--925},
	posted-at = {2010-11-09 14:48:14},
	priority = {2},
	publisher = {John Wiley \& Sons, Inc.},
	title = {{The concept of relevance in IR}},
	volume = {54},
	year = {2003}
}


@Article{cleverdon67,
	author =	 {C. W. Cleverdon},
	title =	 {The Cranfield tests on index language devices},
	journal =	 {Aslib},
	year =	 1967,
	volume =	 19,
	pages =	 {173--192}
}

@inproceedings{radl:comp10,
	author    = {Filip Radlinski and
	Nick Craswell},
	title     = {Comparing the sensitivity of Information Retrieval metrics},
	booktitle = {SIGIR},
	year      = {2010},
	pages     = {667-674},
	ee        = {http://doi.acm.org/10.1145/1835449.1835560},
	crossref  = {DBLP:conf/sigir/2010},
	bibsource = {DBLP, http://dblp.uni-trier.de}
}


@article{rel-hist-jasis-97,
	author    = {Stefano Mizzaro},
	title     = {Relevance: The Whole History},
	journal   = {Journal of the American Society for Information Science},
	volume    = {48},
	number    = {9},
	year      = {1997},
	pages     = {810-832},
	bibsource = {DBLP, http://dblp.uni-trier.de}
}


@Book{voor:trec05,
	editor =	 "Ellen M. Voorhees and Donna K. Harman",
	title =	 {{TREC}: Experimentation and Evaluation in
	Information Retrieval},
	booktitle =	 {TREC: Experimentation and Evaluation in
	Information Retrieval},
	publisher =	 "MIT Press",
	year =	 2005
}


%%% Beyond Web Relevance

@inproceedings{Baruah2015,
	author = {Baruah, Gaurav and Smucker, Mark D. and Clarke, Charles L.A.},
	title = {Evaluating Streams of Evolving News Events},
	booktitle = {Proceedings of the 38th International ACM SIGIR Conference on Research and Development in Information Retrieval},
	series = {SIGIR '15},
	year = {2015},
	isbn = {978-1-4503-3621-5},
	location = {Santiago, Chile},
	pages = {675--684},
	numpages = {10},
	url = {http://doi.acm.org/10.1145/2766462.2767751},
	doi = {10.1145/2766462.2767751},
	acmid = {2767751},
	publisher = {ACM},
	address = {New York, NY, USA},
	keywords = {evaluation, search, streams},
}

@inproceedings{Wang2015,
	author = {Wang, Yulu and Sherman, Garrick and Lin, Jimmy and Efron, Miles},
	title = {Assessor Differences and User Preferences in Tweet Timeline Generation},
	booktitle = {Proceedings of the 38th International ACM SIGIR Conference on Research and Development in Information Retrieval},
	series = {SIGIR '15},
	year = {2015},
	isbn = {978-1-4503-3621-5},
	location = {Santiago, Chile},
	pages = {615--624},
	numpages = {10},
	url = {http://doi.acm.org/10.1145/2766462.2767699},
	doi = {10.1145/2766462.2767699},
	acmid = {2767699},
	publisher = {ACM},
	address = {New York, NY, USA},
	keywords = {microblog search, trec evaluation, user study},
}

@inproceedings{Shah:2010:EPA:1835449.1835518,
	author = {Shah, Chirag and Pomerantz, Jefferey},
	title = {Evaluating and Predicting Answer Quality in Community QA},
	booktitle = {Proceedings of the 33rd International ACM SIGIR Conference on Research and Development in Information Retrieval},
	series = {SIGIR '10},
	year = {2010},
	isbn = {978-1-4503-0153-4},
	location = {Geneva, Switzerland},
	pages = {411--418},
	numpages = {8},
	url = {http://doi.acm.org/10.1145/1835449.1835518},
	doi = {10.1145/1835449.1835518},
	acmid = {1835518},
	publisher = {ACM},
	address = {New York, NY, USA},
	keywords = {answer quality evaluation and prediction, community question answering},
} 