

@inproceedings{Al-Maskari2007,
 author = {Al-Maskari, Azzah and Sanderson, Mark and Clough, Paul},
 title = {The relationship between IR effectiveness measures and user satisfaction},
 booktitle = {Proceedings of the 30th annual international ACM SIGIR},
 series = {SIGIR '07},
 year = {2007},
 isbn = {978-1-59593-597-7},
 location = {Amsterdam, The Netherlands},
 pages = {773--774},
 numpages = {2},
 url = {http://doi.acm.org/10.1145/1277741.1277902},
 doi = {10.1145/1277741.1277902},
 acmid = {1277902},
 publisher = {ACM},
 address = {New York, NY, USA},
 keywords = {IR effectiveness measures, user satisfaction},
}

@inproceedings{Bailey2010,
 author = {Bailey, Peter and Craswell, Nick and White, Ryen W. and Chen, Liwei and Satyanarayana, Ashwin and Tahaghoghi, S. M.M.},
 title = {Evaluating search systems using result page context},
 booktitle = {Proceedings of the third symposium on Information interaction in context},
 series = {IIiX '10},
 year = {2010},
 isbn = {978-1-4503-0247-0},
 location = {New Brunswick, New Jersey, USA},
 pages = {105--114},
 numpages = {10},
 url = {http://doi.acm.org/10.1145/1840784.1840801},
 doi = {10.1145/1840784.1840801},
 acmid = {1840801},
 publisher = {ACM},
 address = {New York, NY, USA},
 keywords = {evaluation, measurement, web search relevance},
}



@inproceedings{CarteretteBCD08,
  author    = {Ben Carterette and
               Paul N. Bennett and
               David Maxwell Chickering and
               Susan T. Dumais},
  title     = {Here or There},
  booktitle = {ECIR},
  year      = {2008},
  pages     = {16-27},
  crossref  = {DBLP:conf/ecir/2008},
  bibsource = {DBLP, http://dblp.uni-trier.de}
}

@inproceedings{Sanderson2010,
 author = {Sanderson, Mark and Paramita, Monica Lestari and Clough, Paul and Kanoulas, Evangelos},
 title = {Do user preferences and evaluation measures line up?},
 booktitle = {Proceedings of the 33rd international ACM SIGIR},
 series = {SIGIR '10},
 year = {2010},
 isbn = {978-1-4503-0153-4},
 location = {Geneva, Switzerland},
 pages = {555--562},
 numpages = {8},
 doi = {10.1145/1835449.1835542},
 acmid = {1835542},
 publisher = {ACM},
 address = {New York, NY, USA},
 keywords = {evaluation measures, mechanical turk, user experiment},
}


@inproceedings{Thomas2006,
 author = {Thomas, Paul and Hawking, David},
 title = {Evaluation by comparing result sets in context},
 booktitle = {Proceedings of the 15th ACM CIKM},
 series = {CIKM '06},
 year = {2006},
 isbn = {1-59593-433-2},
 location = {Arlington, Virginia, USA},
 pages = {94--101},
 numpages = {8},
 doi = {10.1145/1183614.1183632},
 acmid = {1183632},
 publisher = {ACM},
 address = {New York, NY, USA},
 keywords = {embedded comparisons, evaluation},
}



@inproceedings{Chandar2013,
	author = {Chandar, Praveen and Carterette, Ben},
	title = {Preference Based Evaluation Measures for Novelty and Diversity},
	booktitle = {Proceedings of the 36th International ACM SIGIR Conference on Research and Development in Information Retrieval},
	series = {SIGIR '13},
	year = {2013},
	isbn = {978-1-4503-2034-4},
	location = {Dublin, Ireland},
	pages = {413--422},
	numpages = {10},
	url = {http://doi.acm.org/10.1145/2484028.2484094},
	doi = {10.1145/2484028.2484094},
	acmid = {2484094},
	publisher = {ACM},
	address = {New York, NY, USA},
	keywords = {evaluation, novelty and diversity},
} 


@inproceedings{Turpin2015,
	author = {Turpin, Andrew and Scholer, Falk and Mizzaro, Stefano and Maddalena, Eddy},
	title = {The Benefits of Magnitude Estimation Relevance Assessments for Information Retrieval Evaluation},
	booktitle = {Proceedings of the 38th International ACM SIGIR Conference on Research and Development in Information Retrieval},
	series = {SIGIR '15},
	year = {2015},
	isbn = {978-1-4503-3621-5},
	location = {Santiago, Chile},
	pages = {565--574},
	numpages = {10},
	url = {http://doi.acm.org/10.1145/2766462.2767760},
	doi = {10.1145/2766462.2767760},
	acmid = {2767760},
	publisher = {ACM},
	address = {New York, NY, USA},
	keywords = {evaluation, magnitude estimation, relevance, relevance assessments},
}